=LDR  05072cas a2201201 a 4500
=001  012431998
=003  Uk
=005  20230426110811.0
=006  m\\\\\\\\d\\\\\\\\
=007  cr||||||||||||
=008  040410c19339999enkqr\p\s\\\\\0\\\a0eng\\
=015  \\$aGBB407134$2bnb
=019  c\$a102018387
=022  0\$a1467-8284$202
=037  \\$aanalys$bOxford University Press
=037  3\$aISSN_00032638$bPortico$nOxford University Press
=040  \\$aUk$beng$cUk$dUk
=042  \\$aissnuk$aukblsr
=082  04$a105$223
=130  0\$aAnalysis (Online)
=210  0\$aAnalysis$b(Oxf., Online)
=222  \0$aAnalysis$b(Oxford. Online)
=245  10$aAnalysis$h[electronic resource].
=260  \\$aOxford :$bBlackwell Publishing Ltd
=264  31$aOxford, UK :$bOxford University Press
=310  \\$aQuarterly,$b<Oct. 1976->
=321  \\$aSix no. a year,$b<Mar. 1954->
=336  \\$atext$2rdacontent
=337  \\$acomputer$2rdamedia
=338  \\$aonline resource$2rdacarrier
=362  1\$aPrint began with: Vol. 1 (Nov. 1933).
=515  \\$aSuspended Nov. 1940-Sept. 1947.
=515  \\$aIssues for 1947- called also new ser., no. 1-.
=540  \\$aCurrent Copyright Fee: GBP13.00$c29\0$5Uk
=588  \\$aDescription based on print version record.
=588  \\$aLatest issue consulted: volume 74, number 1 (January 2014) (Oxford Journals Web site, viewed January 17, 2014).
=650  \0$aPhilosophy$vPeriodicals.
=776  08$iAlso issued in print as:$tAnalysis$x0003-2638
=852  41$aBritish Library$bHMNTS$jELD Digital store$3Volume 74:Number 1(2014:Jan.)-***Previous issues available in print copy
=852  41$aBritish Library$bDSC$j0892.100000$3Year 1998:Volume 58:Issue 3(1998:Jul.)-Volume 74:Issue 4(2014)***See ESTAR for full holdings.
=856  \\$31850-9999$uhttp://ukcatalogue.oup.com/$xBLDSS
=856  40$ahttp://analysis.oxfordjournals.org/
=856  40$ahttp://estar.bl.uk/cgi-bin/sciserv.pl?collection=journals&journal=00032638
=859  \\$aELD$bejournal
=859  \\$aXLD$bejournal$cSFX
=945  \\$aAnalysis -Oxford-.
=959  \\$fHeld but not currently received
=979  \\$aBritish Library$bDSC$j0892.100000
=985  \\$aCONFERENCE ANALYTIC RECORDS EXIST
=A02  \\$a102018387
=ACF  \\$aPrevious copyright fee: GBP15.00$c10\0$e01-apr-2004$fGBP15.00$g0$hP$5Uk
=ACF  \\$aCurrent copyright fee: GBP13.00$c10\0$e01-apr-2003$fGBP13.00$g0$hP$5Uk
=ACF  \\$aCurrent copyright fee: GBP13.00$c10\6$e01-apr-2002$fGBP13.00$g0$hP$5Uk
=ACF  \\$aPrevious copyright fee: GBP16.00$c10\0$e01-jan-2006$fGBP16.00$g0$hP$5Uk
=ACF  \\$aPrevious copyright fee: GBP20.00$c29\0$e01-jan-2013$fGBP20.00$g0$hP$5Uk
=ACF  \\$aPrevious copyright fee: GBP14.00$c29\0$e01-jan-2009$fGBP14.00$g0$hP$5Uk
=ACF  \\$aPrevious copyright fee: GBP7.00$c29\0$e01-jan-2015$fGBP7.00$g0$hP$5Uk
=ACF  \\$aPrevious copyright fee: GBP6.00$c29\0$e30-sep-2013$fGBP6.00$g0$hP$5Uk
=ACF  \\$aPrevious copyright fee: GBP9.00$c29\0$e11-jan-2019$fGBP9.00$g0$hP$5Uk
=ACF  \\$aPrevious Copyright Fee: GBP10.00$c29\0$e01-jan-2020$fGBP10.00$g0$hP$5Uk
=CAT  \\$aCONV$b00$c20040425$lBLL90$h0712
=CAT  \\$a5997$b40$c20140117$lBLL01$h0913
=CAT  \\$a5997$b40$c20140117$lBLL01$h0920
=CAT  \\$aBATCH-CLA$b00$c20140125$lBLL01$h1303
=CAT  \\$a11316$b40$c20140204$lBLL01$h0833
=CAT  \\$aBATCH-CLA$c20140225$lBLL01$h2318
=CAT  \\$a5552$b40$c20141029$lBLL01$h1055
=CAT  \\$aCDS15-UPD$b40$c20141130$lBLL01$h1853
=CAT  \\$aBLDSS-3PM$b00$c20141208$lBLL01$h1624
=CAT  \\$aIPL-CLA$c20141231$lBLL01$h1650
=CAT  \\$aBATCH-UPD$b00$c20160524$lBLL01$h2209
=CAT  \\$aBATCH-UPD$b00$c20160525$lBLL01$h0011
=CAT  \\$aW1711-1005$c20171206$lBLL01$h1815
=CAT  \\$a5552$b40$c20190111$lBLL01$h1131
=CAT  \\$aW1910-0530$c20191007$lBLL01$h1114
=CAT  \\$aR1911-1518$c20191206$lBLL01$h1433
=CAT  \\$aIPL-CLA$c20191231$lBLL01$h1922
=CAT  \\$aBATCH-UPD$b00$c20220308$lBLL01$h1738
=CAT  \\$aIPL-CLA$c20220331$lBLL01$h1951
=CAT  \\$a12654$b40$c20230109$lBLL01$h1232
=CAT  \\$aS2302-1302$c20230322$lBLL01$h1707
=CAT  \\$aS2302-1302$c20230322$lBLL01$h1708
=CAT  \\$aS2302-1302$c20230323$lBLL01$h1443
=CAT  \\$aIPL-CLA$c20230331$lBLL01$h1546
=CAT  \\$aS2304-0519$c20230412$lBLL01$h1139
=CAT  \\$aBATCH-SUPP$c20230426$lBLL01$h1108
=CFI  0\$aCurrent Copyright Fee: GBP13.00$c29\0$e01-apr-2023$fGBP13.00$g0$hP$5Uk
=CFI  2\$aPrevious copyright fee: GBP11.00$c29\0$e01-apr-2022$fGBP11.00$g0$hP$5Uk
=EST  \\$a1
=FFP  \\$aY$bBLDSS-3PM
=FIN  \\$aY
=FMT  \\$a  SE
=LAS  \\$aBATCH-SUPP$b00$c20230426$lBLL01$h1108
=LEO  \\$aMP22.0000062080
=LEO  \\$aMP10.0000629268
=LET  \0$aAnalysis (Electronic)
=LKR  \\$aPAR$b009831337$lBLL01$nAnalysis (Print)$mAnalysis (Online)$r776
=MNI  \\$a0003-2638
=SRC  \\$aISN01$bbibmp22.200404.2.aa
=SRC  \\$aDSS01$bbibmp10.200404.2.aa
=TCO  \\$aCLA$bCLA$c008
=TOC  \\$aETOC
=UNO  \\$aY

