=LDR  07038cas a22014657a 4500
=001  012432026
=003  Uk
=005  20230426110811.0
=006  m\\\\\\\\d\\\\\\\\
=007  cr||||||||||||
=008  001115c19859999enkbr\pss\\\\\0\\\a0eng\d
=010  \\$a00213568
=019  c\$a102301441
=022  0\$a1532-4796$202
=035  \\$a(OCoLC)45355756$z(OCoLC)47078248$z(OCoLC)47155625
=037  \\$a???$bOxford University Press
=037  3\$aISSN_08836612$bPortico$nOxford University Press
=040  \\$aNSD$cNSD$dOCLCQ$dPIT$dF#A$dOCLCQ$dUk
=042  \\$aukblsr$aissnuk
=050  \4$aR726.5
=082  04$a616.0019$222
=130  0\$aAnnals of behavioral medicine (Online)
=210  0\$aAnnals behav. med.$b(Online)
=222  \0$aAnnals of behavioral medicine$b(Online)
=245  10$aAnnals of behavioral medicine$h[electronic resource].
=260  \\$aMahwah, N.J. :$bLawrence Erlbaum Associates
=260  2\$aNew York :$bSpringer
=264  31$32018-$a[Oxford?] :$bOxford University Press
=310  \\$aBimonthly
=321  \\$aQuarterly
=336  \\$atext$2rdacontent
=337  \\$acomputer$2rdamedia
=338  \\$aonline resource$2rdacarrier
=362  1\$aPrint began with vol. 7, no. 1, published in 1985.
=500  \\$aDescription based on: Vol. 23, no. 1 (Feb. 2001); title from journal information screen (viewed June 2, 2001).
=500  \\$aLatest issue consulted: volume 52, issue 1 (January 2018) (Oxford Academic, viewed March 13, 2018).
=530  \\$aAlso issued in print.
=538  \\$aMode of access: World Wide Web.
=540  \\$aCurrent Copyright Fee: GBP33.00$c29\0$5Uk
=650  \0$aMedicine and psychology$vPeriodicals.
=650  \0$aSick$xPsychology$vPeriodicals.
=650  \2$aBehavioral Medicine.
=776  1\$tAnnals of behavioral medicine$x0883-6612
=852  41$aBritish Library$bDSC$j1038.700000$3Volume 20:Issue 4(1998)-Volume 51:Issue 6(2017)***See ESTAR for full holdings.
=852  41$aBritish Library$bHMNTS$jELD Digital store$3Volume 47:Issue 1(2014)-
=856  \\$31850-9999$uhttp://www.springer.com/gb/$xBLDSS
=856  4\$uhttp://firstsearch.oclc.org$zAddress for accessing the journal using authorization number and password through OCLC FirstSearch Electronic Collections Online
=856  4\$uhttp://www.erlbaum.com/journals/journals/journals.htm$zLink no longer valid
=856  40$uhttp://www.springer.com/medicine/journal/12160
=859  \\$aELD$bejournal
=859  \\$aXLD$bejournal$cSFX
=945  \\$aANNALS OF BEHAVIORAL MEDICINE
=959  \\$fHeld but not currently received
=979  \\$aBritish Library$bDSC$j1038.700000
=985  \\$aCONFERENCE ANALYTIC RECORDS EXIST
=985  \\$aISSN responsibility transferred from U.S. to UK (20/03/18)
=A02  \\$a102301441
=ACF  \\$aCurrent copyright fee: GBP17.00$c30\0$e20-jan-2010$fGBP17.00$g0$hP$5Uk
=ACF  \\$aCurrent copyright fee: GBP12.00$c30\0$e01-jul-2007$fGBP12.00$g0$hP$5Uk
=ACF  \\$aPrevious copyright fee: GBP12.30$c30\0$e01-apr-2007$fGBP12.30$g0$hP$5Uk
=ACF  \\$aPrevious copyright fee: GBP12.97$c30\0$e01-oct-2006$fGBP12.97$g0$hP$5Uk
=ACF  \\$aPrevious copyright fee: GBP13.72$c30\0$e01-apr-2006$fGBP13.72$g0$hP$5Uk
=ACF  \\$aPrevious copyright fee: GBP13.33$c30\0$e01-jan-2006$fGBP13.33$g0$hP$5Uk
=ACF  \\$aPrevious copyright fee: GBP12.98$c30\0$e01-apr-2005$fGBP12.98$g0$hP$5Uk
=ACF  \\$aPrevious copyright fee: GBP13.33$c30\0$e01-jan-2005$fGBP13.33$g0$hP$5Uk
=ACF  \\$aPrevious copyright fee: GBP12.97$c30\0$e01-apr-2004$fGBP12.97$g0$hP$5Uk
=ACF  \\$aCurrent copyright fee: GBP14.11$c30\0$e01-jan-2004$fGBP14.11$g0$hP$5Uk
=ACF  \\$aCurrent copyright fee: GBP7.50$c30\0$e01-jan-2003$fGBP7.50$g0$hP$5Uk
=ACF  \\$aPrevious copyright fee: GBP22.00$c22\1$e17-feb-2010$fGBP22.00$g0$hP$5Uk
=ACF  \\$aPrevious copyright fee: GBP22.00$c22\1$e12-aug-2012$fGBP22.00$g0$hP$5Uk
=ACF  \\$aPrevious copyright fee: GBP25.00$c22\1$e01-jan-2013$fGBP25.00$g0$hP$5Uk
=ACF  \\$aPrevious copyright fee: GBP25.77$c22\1$e01-jul-2013$fGBP25.77$g0$hP$5Uk
=ACF  \\$aPrevious copyright fee: GBP24.97$c22\1$e01-jan-2014$fGBP24.97$g0$hP$5Uk
=ACF  \\$aPrevious copyright fee: GBP24.21$c22\1$e01-jul-2014$fGBP24.21$g0$hP$5Uk
=ACF  \\$aPrevious copyright fee: GBP25.77$c22\1$e01-apr-2015$fGBP25.77$g0$hP$5Uk
=ACF  \\$aPrevious copyright fee: GBP26.63$c22\1$e01-jul-2015$fGBP26.63$g0$hP$5Uk
=ACF  \\$aPrevious copyright fee: GBP25.77$c22\1$e01-oct-2015$fGBP25.77$g0$hP$5Uk
=ACF  \\$aPrevious copyright fee: GBP27.55$c22\1$e01-apr-2016$fGBP27.55$g0$hP$5Uk
=ACF  \\$aPrevious copyright fee: GBP29.59$c22\1$e01-oct-2016$fGBP29.59$g0$hP$5Uk
=ACF  \\$aPrevious copyright fee: GBP30.73$c22\1$e01-oct-2017$fGBP30.73$g0$hP$5Uk
=ACF  \\$aPrevious copyright fee: GBP31.96$c22\1$e01-apr-2017$fGBP31.96$g0$hP$5Uk
=ACF  \\$aPrevious copyright fee: GBP27.00$c29\0$e08-jan-2018$fGBP27.00$g0$hP$5Uk
=ACF  \\$aPrevious copyright fee: GBP28.00$c29\0$e01-jan-2019$fGBP28.00$g0$hP$5Uk
=ACF  \\$aPrevious Copyright Fee: GBP20.00$c29\0$e01-jan-2020$fGBP20.00$g0$hP$5Uk
=CAT  \\$aCONV$b00$c20040425$lBLL90$h0712
=CAT  \\$aBATCH-UPD$b00$c20170904$lBLL01$h1844
=CAT  \\$aIPL-CLA$c20170929$lBLL01$h1724
=CAT  \\$a10983$b40$c20171030$lBLL01$h1547
=CAT  \\$aW1711-1005$c20171206$lBLL01$h1815
=CAT  \\$a5552$b40$c20180108$lBLL01$h1322
=CAT  \\$a10806$b40$c20180313$lBLL01$h1432
=CAT  \\$a10806$b40$c20180319$lBLL01$h0924
=CAT  \\$a10806$b40$c20180320$lBLL01$h1323
=CAT  \\$a8055$b40$c20180427$lBLL01$h1355
=CAT  \\$aBATCH-UPD$b40$c20181217$lBLL01$h1651
=CAT  \\$aIPL-CLA$c20181231$lBLL01$h1539
=CAT  \\$a5410$b40$c20190829$lBLL01$h0836
=CAT  \\$aW1910-0530$c20191007$lBLL01$h1114
=CAT  \\$aR1911-1518$c20191206$lBLL01$h1419
=CAT  \\$aIPL-CLA$c20191231$lBLL01$h1922
=CAT  \\$aBATCH-UPD$b00$c20220308$lBLL01$h1734
=CAT  \\$aIPL-CLA$c20220331$lBLL01$h1951
=CAT  \\$a5410$b40$c20221007$lBLL01$h0904
=CAT  \\$a12654$b40$c20230109$lBLL01$h1234
=CAT  \\$aS2302-1302$c20230322$lBLL01$h1707
=CAT  \\$aS2302-1302$c20230322$lBLL01$h1708
=CAT  \\$aS2302-1302$c20230323$lBLL01$h1443
=CAT  \\$aIPL-CLA$c20230331$lBLL01$h1546
=CAT  \\$aS2304-0519$c20230412$lBLL01$h1139
=CAT  \\$aBATCH-SUPP$c20230426$lBLL01$h1108
=CFI  0\$aCurrent Copyright Fee: GBP33.00$c29\0$e01-apr-2023$fGBP33.00$g0$hP$5Uk
=CFI  2\$aPrevious copyright fee: GBP22.00$c29\0$e01-apr-2022$fGBP22.00$g0$hP$5Uk
=EST  \\$a1
=FFP  \\$aY$bBLDSS-3PM
=FIN  \\$aY
=FMT  \\$a  SE
=LAS  \\$aBATCH-SUPP$b00$c20230426$lBLL01$h1108
=LEO  \\$aMP10.0000629296
=LKR  \\$aPAR$b009833891$lBLL01$r776$mAnnals of behavioral medicine (Online)$nAnnals of behavioral medicine (Print)
=MNI  \\$a0883-6612
=SID  \\$aZ39$bOCLC
=SRC  \\$aDSS01$bbibmp10.200404.2.aa
=TCO  \\$aTRS$bCCC$c008
=TOC  \\$aETOC
=UNO  \\$aY

