=LDR  05583cas a2201225 a 4500
=001  012432028
=003  Uk
=005  20230426110811.0
=006  m\\\\\\\\d\\\\\\\\
=007  cr||||||||||||
=008  040410c18879999enkmr\p\o\\\\\0\\\a0eng\\
=015  \\$aGBB407146$2bnb
=019  c\$a102019707
=022  0\$a1095-8290$y0305-7364$202
=037  \\$aannbot$bOxford University Press
=037  3\$aISSN_03057364$bPortico$nOxford University Press
=040  \\$aUk$beng$cUk$dUk
=042  \\$aissnuk$aukblsr
=082  04$a580$223
=130  0\$aAnnals of botany (Online)
=210  0\$aAnn. bot.$b(Online)
=222  \0$aAnnals of botany$b(Online)
=245  10$aAnnals of botany$h[electronic resource].
=260  \\$aLondon :$bAcademic Press
=264  31$32002-$aOxford :$bOxford University Press
=310  \\$aMonthly
=336  \\$atext$2rdacontent
=337  \\$acomputer$2rdamedia
=338  \\$aonline resource$2rdacarrier
=362  1\$aPrint began with: Vol. 1, no. 1 (Aug. 1887)-v. 50 (Oct. 1936); new ser., v. 1, no. 1 (Jan. 1937)-
=500  \\$aVols. 1-13 include Botanical necrology for 1887-89; vols. 1-4 include section called Record of current literature.
=540  \\$aCurrent Copyright Fee: GBP42.00$c29\0$5Uk
=550  \\$aJournal is managed by the Annals of Botany Company.
=588  \\$aDescription based on print version record.
=588  \\$aLatest issue consulted: volume 113, number 2 (January 2014) (Oxford Journals Web site, viewed January 17, 2014).
=595  \\$aABSORBS 1040.01 SEE ALSO SERIAL RECORDS HORN KEW AND SCRI.
=650  \0$aBotany$vPeriodicals.
=710  2\$aAnnals of Botany Company.
=776  1\$iAlso issued in print as:$tAnnals of botany$x0305-7364
=852  41$aBritish Library$bHMNTS$jELD Digital store$3Volume 89:Number 1(2002)-***Previous issues available in print copy
=852  41$aBritish Library$bDSC$j1040.000000$3jan-2000 VOL 85 PART 1-Volume 108:Issue 8(2011)***See ESTAR for full holdings.
=856  \\$31850-9999$uhttp://ukcatalogue.oup.com/$xBLDSS
=856  40$uhttp://aob.oupjournals.org/
=856  40$uhttp://aob.oxfordjournals.org/
=856  40$uhttp://www.sciencedirect.com/science//journal/03057364
=859  \\$aELD$bejournal
=859  \\$aXLD$bejournal$cSFX
=945  \\$aAnnals of botany -London- OUP then Academic Press then Oxford University Press-
=959  \\$fHeld but not currently received
=979  \\$aBritish Library$bDSC$c1040.000000
=985  \\$aISSN responsibility transferred from US ISSN Center to ISSN UK, 12/04/13.
=A02  \\$a102019707
=ACF  \\$aPrevious copyright fee: GBP15.00$c29\0$e01-jan-2004$fGBP15.00$g0$hP$5Uk
=ACF  \\$aCurrent copyright fee: GBP10.00$c29\0$e01-apr-2002$fGBP10.00$g0$hP$5Uk
=ACF  \\$aCurrent copyright fee: GBP21.21 British Library not licensed to FAX$c0$e01-jul-2001$fGBP21.21$g0$hC$iFAX is CLA-excluded$5Uk
=ACF  \\$aPrevious Copyright Fee: GBP16.00$c29\0$e01-jan-2006$fGBP16.00$g0$hP$5Uk
=ACF  \\$aPrevious copyright fee: GBP18.00$c29\0$e01-jan-2008$fGBP18.00$g0$hP$5Uk
=ACF  \\$aPrevious copyright fee: GBP20.00$c29\0$e01-jan-2013$fGBP20.00$g0$hP$5Uk
=ACF  \\$aPrevious copyright fee: GBP23.00$c29\0$e01-jan-2015$fGBP23.00$g0$hP$5Uk
=ACF  \\$aPrevious copyright fee: GBP24.00$c29\0$e01-jan-2016$fGBP24.00$g0$hP$5Uk
=ACF  \\$aPrevious copyright fee: GBP26.00$c29\0$e01-jan-2017$fGBP26.00$g0$hP$5Uk
=ACF  \\$aPrevious copyright fee: GBP27.00$c29\0$e01-jan-2018$fGBP27.00$g0$hP$5Uk
=ACF  \\$aPrevious copyright fee: GBP28.00$c29\0$e01-jan-2019$fGBP28.00$g0$hP$5Uk
=ACF  \\$aPrevious Copyright Fee: GBP29.00$c29\0$e01-jan-2020$fGBP29.00$g0$hP$5Uk
=CAT  \\$aCONV$b00$c20040425$lBLL90$h0712
=CAT  \\$aBLDSS-3PM$b00$c20141208$lBLL01$h1624
=CAT  \\$aIPL-CLA$c20141231$lBLL01$h1650
=CAT  \\$aBATCH-UPD$b00$c20151119$lBLL01$h1551
=CAT  \\$aIPL-CLA$c20151231$lBLL01$h1918
=CAT  \\$aBATCH-UPD$b00$c20160524$lBLL01$h2209
=CAT  \\$aBATCH-UPD$b00$c20160525$lBLL01$h0011
=CAT  \\$aBATCH-UPD$b00$c20161122$lBLL01$h1520
=CAT  \\$aIPL-CLA$c20161230$lBLL01$h2113
=CAT  \\$aBATCH-UPD$b00$c20171121$lBLL01$h1703
=CAT  \\$aW1711-1005$c20171206$lBLL01$h1815
=CAT  \\$aIPL-CLA$c20171231$lBLL01$h1622
=CAT  \\$aBATCH-UPD$b00$c20181217$lBLL01$h1651
=CAT  \\$aIPL-CLA$c20181231$lBLL01$h1539
=CAT  \\$aW1910-0530$c20191007$lBLL01$h1114
=CAT  \\$aR1911-1518$c20191206$lBLL01$h1406
=CAT  \\$aIPL-CLA$c20191231$lBLL01$h1922
=CAT  \\$aBATCH-UPD$b00$c20220308$lBLL01$h1727
=CAT  \\$aIPL-CLA$c20220331$lBLL01$h1951
=CAT  \\$a12654$b40$c20230109$lBLL01$h1236
=CAT  \\$aS2302-1302$c20230322$lBLL01$h1707
=CAT  \\$aS2302-1302$c20230322$lBLL01$h1708
=CAT  \\$aS2302-1302$c20230323$lBLL01$h1443
=CAT  \\$aIPL-CLA$c20230331$lBLL01$h1546
=CAT  \\$aS2304-0519$c20230412$lBLL01$h1139
=CAT  \\$aBATCH-SUPP$c20230426$lBLL01$h1108
=CFI  0\$aCurrent Copyright Fee: GBP42.00$c29\0$e01-apr-2023$fGBP42.00$g0$hP$5Uk
=CFI  2\$aPrevious copyright fee: GBP32.00$c29\0$e01-apr-2022$fGBP32.00$g0$hP$5Uk
=EST  \\$a1
=FFP  \\$aY$bBLDSS-3PM
=FIN  \\$aY
=FMT  \\$a  SE
=LAS  \\$aBATCH-SUPP$b00$c20230426$lBLL01$h1108
=LEO  \\$aMP10.0000629298
=LET  \0$aAnnals of botany (Electronic)
=LKR  \\$aPAR$b009833899$lBLL01$nAnnals of botany (Print)$mAnnals of botany (Online)$r776
=MNI  \\$a0305-7364
=SRC  \\$aDSS01$bbibmp10.200404.2.aa
=TCO  \\$aCLA$bCLA$c008
=TOC  \\$aETOC
=UNO  \\$aY

