=LDR  05428cas a2201213 a 4500
=001  012432038
=003  Uk
=005  20230426110811.0
=006  m\\\\\|\\d\|\\\\\\
=007  cr\|||||||||||
=008  040410d19582016enkmx\p\s\\\\\0\\\a0eng\\
=015  \\$aGBB407160$2bnb
=019  c\$a102019756
=022  0\$a1475-3162$202
=037  \\$aannhyg$bOxford University Press
=037  3\$aISSN_00034878$bPortico$nOxford University Press
=040  \\$aUk$beng$cUk$dUk
=042  \\$aissnuk$aukblsr
=082  04$a613.6205$223
=130  0\$aAnnals of occupational hygiene (Online)
=210  0\$aAnnu. occup. hyg.$b(Online)
=222  \0$aAnnals of occupational hygiene$b(Online)
=245  10$aAnnals of occupational hygiene$h[electronic resource].
=260  \\$aLondon :$bPergamon,$c1958-2016.
=260  3\$aOxford :$bOxford University Press
=310  \\$aNine issues yearly
=336  \\$atext$2rdacontent
=337  \\$acomputer$2rdamedia
=338  \\$aonline resource$2rdacarrier
=362  1\$aPrint began with volume 1 in 1958.
=362  0\$a-volume 60, number 9 (November 2016).
=500  \\$a"An international scientific journal on the causation and control of work-related ill-health".
=540  \\$aCurrent Copyright Fee: GBP42.00$c29\0$5Uk
=588  \\$aDescription based on print version record.
=588  \\$aLatest issue consulted: volume 59, number 9 (November 2013) (Oxford Journals Web site, viewed January 17, 2014).
=650  \0$aMedicine, Industrial$vPeriodicals.
=650  \0$aIndustrial hygiene$vPeriodicals.
=710  2\$aBritish Occupational Hygiene Society,$eissuing body.
=776  08$iAlso issued in print as:$tAnnals of occupational hygiene$x0003-4878
=785  00$tAnnals of work exposures and health$x2398-7316
=852  41$aBritish Library$bHMNTS$jELD Digital store$3Volume 46:Number 1(2002)-Volume 60:Number 8(2016:Oct.)***Previous issues available in print copy
=852  41$aBritish Library$bDSC$j1043.300000$3jan-2000 VOL 44 PART 1-Volume 55:Issue 9(2011)***See ESTAR for full holdings.
=856  \\$31850-9999$uhttp://ukcatalogue.oup.com/$xBLDSS
=856  40$ahttp://annhyg.oxfordjournals.org/
=859  \\$aELD$bejournal
=859  \\$aXLD$bejournal$cSFX
=945  \\$aANNALS OF OCCUPATIONAL HYGIENE.
=959  \\$fHeld but not currently received
=963  \\$aVOL. 1, 1958- *A=1$bN$cP334.C.62
=979  \\$aBritish Library$bDSC$j1043.300000
=A02  \\$a102019756
=ACF  \\$aPrevious copyright fee: GBP12.00$c29\0$e01-jan-2004$fGBP12.00$g0$hP$5Uk
=ACF  \\$aCurrent copyright fee: GBP8.00$c29\0$e01-apr-2002$fGBP8.00$g0$hP$5Uk
=ACF  \\$aCurrent copyright fee: GBP12.20$c0$e01-jan-2002$fGBP12.20$g0$hC$5Uk
=ACF  \\$aPrevious copyright fee: GBP13.00$c29\0$e01-jan-2006$fGBP13.00$g0$hP$5Uk
=ACF  \\$aPrevious copyright fee: GBP14.00$c29\0$e01-jan-2008$fGBP14.00$g0$hP$5Uk
=ACF  \\$aPrevious copyright fee: GBP20.00$c29\0$e01-jan-2013$fGBP20.00$g0$hP$5Uk
=ACF  \\$aPrevious copyright fee: GBP23.00$c29\0$e01-jan-2015$fGBP23.00$g0$hP$5Uk
=ACF  \\$aPrevious copyright fee: GBP24.00$c29\0$e01-jan-2016$fGBP24.00$g0$hP$5Uk
=ACF  \\$aPrevious copyright fee: GBP26.00$c29\0$e01-jan-2017$fGBP26.00$g0$hP$5Uk
=ACF  \\$aPrevious copyright fee: GBP27.00$c29\0$e01-jan-2018$fGBP27.00$g0$hP$5Uk
=ACF  \\$aPrevious copyright fee: GBP28.00$c29\0$e01-jan-2019$fGBP28.00$g0$hP$5Uk
=ACF  \\$aPrevious Copyright Fee: GBP29.00$c29\0$e01-jan-2020$fGBP29.00$g0$hP$5Uk
=CAT  \\$aCONV$b00$c20040425$lBLL90$h0712
=CAT  \\$aBLDSS-3PM$b00$c20141208$lBLL01$h1624
=CAT  \\$aIPL-CLA$c20141231$lBLL01$h1650
=CAT  \\$aBATCH-UPD$b00$c20151119$lBLL01$h1551
=CAT  \\$aIPL-CLA$c20151231$lBLL01$h1918
=CAT  \\$aBATCH-UPD$b00$c20160524$lBLL01$h2209
=CAT  \\$aBATCH-UPD$b00$c20160525$lBLL01$h0011
=CAT  \\$aBATCH-UPD$b00$c20161122$lBLL01$h1520
=CAT  \\$aIPL-CLA$c20161230$lBLL01$h2113
=CAT  \\$a8124$b40$c20170331$lBLL01$h1440
=CAT  \\$aBATCH-UPD$b40$c20171121$lBLL01$h1703
=CAT  \\$aW1711-1005$c20171206$lBLL01$h1815
=CAT  \\$aIPL-CLA$c20171231$lBLL01$h1622
=CAT  \\$aBATCH-UPD$b00$c20181217$lBLL01$h1651
=CAT  \\$aIPL-CLA$c20181231$lBLL01$h1539
=CAT  \\$aW1910-0530$c20191007$lBLL01$h1114
=CAT  \\$aR1911-1518$c20191206$lBLL01$h1406
=CAT  \\$aIPL-CLA$c20191231$lBLL01$h1922
=CAT  \\$aBATCH-UPD$b00$c20220308$lBLL01$h1727
=CAT  \\$aIPL-CLA$c20220331$lBLL01$h1951
=CAT  \\$a12654$b40$c20230109$lBLL01$h1252
=CAT  \\$aS2302-1302$c20230322$lBLL01$h1708
=CAT  \\$aS2302-1302$c20230323$lBLL01$h1443
=CAT  \\$aIPL-CLA$c20230331$lBLL01$h1546
=CAT  \\$aS2304-0519$c20230412$lBLL01$h1139
=CAT  \\$aBATCH-SUPP$c20230426$lBLL01$h1108
=CFI  0\$aCurrent Copyright Fee: GBP42.00$c29\0$e01-apr-2023$fGBP42.00$g0$hP$5Uk
=CFI  2\$aPrevious copyright fee: GBP32.00$c29\0$e01-apr-2022$fGBP32.00$g0$hP$5Uk
=EST  \\$a1
=FFP  \\$aY$bBLDSS-3PM
=FIN  \\$aY
=FMT  \\$a  SE
=LAS  \\$aBATCH-SUPP$b00$c20230426$lBLL01$h1108
=LEO  \\$aMP10.0000629308
=LET  \0$aAnnals of occupational hygiene
=LKR  \\$aPAR$b009542282$lBLL01$nAnnals of occupational hygiene (Print)$mAnnals of occupational hygiene (Online)$r776
=MNI  \\$a0003-4878
=SRC  \\$aDSS01$bbibmp10.200404.2.aa
=TCO  \\$aCLA$bCLA$c008
=TOC  \\$aETOC
=UNO  \\$aY

