=LDR  07379cas a2201489 a 4500
=001  012432105
=003  Uk
=005  20230426110811.0
=006  m\\\\\\\\d\\\\\\\\
=007  cr||||||||||||
=008  000727c19859999enkqr\pss\\\\\0\\\a0eng\d
=019  c\$a102315055
=022  0\$a1875-8398$y0957-0411
=035  \\$a(OCoLC)44674910$z(OCoLC)44488097
=037  \\$aarbitration$bOxford University Press
=037  3\$aISSN_09570411$bPortico$nOxford University Press
=040  \\$aF#A$beng$cF#A$dOCLCQ$dOH1$dMUQ$dOCLCQ$dUk
=042  \\$aukblsr
=050  \4$aK1$b.R248
=082  04$a341.522$222
=130  0\$aArbitration international (Online)
=222  \0$aArbitration international$b(Online)
=245  10$aArbitration international.
=260  \\$a[Dordrecht] :$bKluwer Academic Publishers
=260  2\$a[S.l]$bAspen Publishers
=264  21$a[The Hague] :$bKluwer Law International
=264  31$aOxford :$bOxford University Press
=310  \\$aQuarterly
=336  \\$atext$2rdacontent
=337  \\$acomputer$2rdamedia
=338  \\$aonline resource$2rdacarrier
=362  1\$aPrint began with vol. 1, no. 1 (Apr. 1985).
=500  \\$aTitle from contents screen
=500  \\$aDescription based on: Vol. 16, no. 1 (2000); title from journal information screen (viewed July 26, 2000).
=500  \\$aWolters Klower Law & Business/Aspen Publishers website consulted July 21, 2010 (no individual issues available to view).
=530  \\$aAlso issued in print.
=540  \\$aCurrent Copyright Fee: GBP42.00$c29\0$5Uk
=550  \\$aPublished on behalf of the venerable London Court of International Arbitration.
=588  \\$aLatest issue consulted: volume 30, number 4 (December 2014) (Oxford Journals, viewed March 12, 2015).
=595  \\$aSee also Card Index
=650  \0$aArbitration and award, International$vPeriodicals.
=710  2\$aLondon Court of International Arbitration.
=776  08$iAlso issued in print as :$tArbitration international$x0957-0411
=852  41$aBritish Library$bHMNTS$jELD Digital store$3Volume 2:Number 1(1986)-***Previous issues available in print copy
=852  41$aBritish Library$bDSC$j1588.340000$3Volume 12:Part 1(1996)-Volume 25:Issue 4(2009)***See ESTAR for full holdings.
=856  \\$31850-9999$uhttp://www.oxfordjournals.org/en/$xBLDSS
=856  4\$uhttp://arbitration.oxfordjournals.org/content/
=856  4\$uhttp://firstsearch.oclc.org/journal=0957-0411;screen=info;ECOIP$zAddress for accessing the journal from an authorized IP address through OCLC FirstSearch Electronic Collections Online
=856  40$ahttp://www.aspenpublishers.com/product.asp?catalog_name=Aspen&product_id=SS09570411
=859  \\$aXLD$bejournal$cSFX
=859  \\$aELD$bejournal
=945  \\$aArbitration international
=959  \\$fHeld but not currently received
=963  \\$aCA/U13 Vol. 1 (1985)-$bN
=979  \\$aBritish Library$bDSC$j1588.340000
=985  \\$aCorrected by BSS-generated file for WR# 08/157
=985  \\$aCONFERENCE ANALYTIC RECORDS EXIST
=A02  \\$a102315055
=ACF  \\$aPrevious copyright fee: GBP15.63$c34\0$e01-jul-2011$fGBP15.63$g0$hP$5Uk
=ACF  \\$aPrevious copyright fee: GBP16.13$c34\0$e01-jul-2010$fGBP16.13$g0$hP$5Uk
=ACF  \\$aPrevious copyright fee: GBP15.15$c34\0$e01-oct-2009$fGBP15.15$g0$hP$5Uk
=ACF  \\$aPrevious copyright fee: GBP17.86$c34\0$e01-apr-2009$fGBP17.86$g0$hP$5Uk
=ACF  \\$aPrevious copyright fee: GBP15.63$c34\0$e01-jan-2009$fGBP15.63$g0$hP$5Uk
=ACF  \\$aPrevious copyright fee: GBP12.50$c34\0$e01-jul-2007$fGBP12.50$g0$hP$5Uk
=ACF  \\$aPrevious copyright fee: GBP12.82$c34\0$e01-apr-2007$fGBP12.82$g0$hP$5Uk
=ACF  \\$aPrevious copyright fee: GBP13.52$c34\0$e01-oct-2006$fGBP13.52$g0$hP$5Uk
=ACF  \\$aPrevious copyright fee: GBP14.29$c34\0$e01-apr-2006$fGBP14.29$g0$hP$5Uk
=ACF  \\$aPrevious copyright fee: GBP13.89$c34\0$e01-jan-2006$fGBP13.89$g0$hP$5Uk
=ACF  \\$aPrevious copyright fee: GBP13.51$c34\0$e01-apr-2005$fGBP13.51$g0$hP$5Uk
=ACF  \\$aPrevious copyright fee: GBP13.89$c34\0$e01-jan-2005$fGBP13.89$g0$hP$5Uk
=ACF  \\$aPrevious copyright fee: GBP13.51$c34\0$e01-apr-2004$fGBP13.51$g0$hP$5Uk
=ACF  \\$aCurrent copyright fee: GBP14.71$c34\0$e01-jan-2004$fGBP14.71$g0$hP$5Uk
=ACF  \\$aCurrent copyright fee: GBP15.63$c34\0$e02-jan-2003$fGBP15.63$g0$hP$5Uk
=ACF  \\$aPrevious copyright fee: GBP16.13$c34\0$e01-jan-2012$fGBP16.13$g0$hP$5Uk
=ACF  \\$aPrevious copyright fee: GBP15.15$c34\0$e01-jul-2012$fGBP15.15$g0$hP$5Uk
=ACF  \\$aPrevious copyright fee: GBP15.63$c34\0$e01-jan-2013$fGBP15.63$g0$hP$5Uk
=ACF  \\$aPrevious copyright fee: GBP16.13$c34\0$e01-jul-2013$fGBP16.13$g0$hP$5Uk
=ACF  \\$aPrevious copyright fee: GBP15.63$c34\0$e01-jan-2014$fGBP15.63$g0$hP$5Uk
=ACF  \\$aPrevious copyright fee: GBP15.15$c34\0$e01-jul-2014$fGBP15.15$g0$hP$5Uk
=ACF  \\$aPrevious copyright fee: GBP23.00$c29\0$e01-jan-2015$fGBP23.00$g0$hP$5Uk
=ACF  \\$aPrevious copyright fee: GBP24.00$c29\0$e01-jan-2016$fGBP24.00$g0$hP$5Uk
=ACF  \\$aPrevious copyright fee: GBP26.00$c29\0$e01-jan-2017$fGBP26.00$g0$hP$5Uk
=ACF  \\$aPrevious copyright fee: GBP27.00$c29\0$e01-jan-2018$fGBP27.00$g0$hP$5Uk
=ACF  \\$aPrevious copyright fee: GBP28.00$c29\0$e01-jan-2019$fGBP28.00$g0$hP$5Uk
=ACF  \\$aPrevious Copyright Fee: GBP29.00$c29\0$e01-jan-2020$fGBP29.00$g0$hP$5Uk
=CAT  \\$aCONV$b00$c20040425$lBLL90$h0712
=CAT  \\$a5110$b40$c20150323$lBLL01$h1136
=CAT  \\$a5110$b40$c20150401$lBLL01$h1155
=CAT  \\$aBATCH-UPD$b40$c20151119$lBLL01$h1551
=CAT  \\$aIPL-CLA$c20151231$lBLL01$h1918
=CAT  \\$aBATCH-UPD$b00$c20160524$lBLL01$h2209
=CAT  \\$aBATCH-UPD$b00$c20160525$lBLL01$h0012
=CAT  \\$aBATCH-UPD$b00$c20161122$lBLL01$h1520
=CAT  \\$aIPL-CLA$c20161230$lBLL01$h2113
=CAT  \\$aBATCH-UPD$b00$c20171121$lBLL01$h1703
=CAT  \\$aW1711-1005$c20171206$lBLL01$h1815
=CAT  \\$aIPL-CLA$c20171231$lBLL01$h1622
=CAT  \\$aBATCH-UPD$b00$c20181217$lBLL01$h1651
=CAT  \\$aIPL-CLA$c20181231$lBLL01$h1539
=CAT  \\$aW1910-0530$c20191007$lBLL01$h1114
=CAT  \\$aR1911-1518$c20191206$lBLL01$h1405
=CAT  \\$aIPL-CLA$c20191231$lBLL01$h1922
=CAT  \\$aBATCH-UPD$b00$c20220308$lBLL01$h1727
=CAT  \\$aIPL-CLA$c20220331$lBLL01$h1951
=CAT  \\$a12654$b40$c20230109$lBLL01$h1039
=CAT  \\$a12654$b40$c20230109$lBLL01$h1253
=CAT  \\$aS2302-1302$c20230322$lBLL01$h1708
=CAT  \\$aS2302-1302$c20230323$lBLL01$h1443
=CAT  \\$aIPL-CLA$c20230331$lBLL01$h1546
=CAT  \\$aS2304-0519$c20230412$lBLL01$h1139
=CAT  \\$aBATCH-SUPP$c20230426$lBLL01$h1108
=CFI  0\$aCurrent Copyright Fee: GBP42.00$c29\0$e01-apr-2023$fGBP42.00$g0$hP$5Uk
=CFI  2\$aPrevious copyright fee: GBP32.00$c29\0$e01-apr-2022$fGBP32.00$g0$hP$5Uk
=EST  \\$a1
=FFP  \\$aY$bBLDSS-3PM
=FIN  \\$aY
=FMT  \\$a  SE
=LAS  \\$aBATCH-SUPP$b00$c20230426$lBLL01$h1108
=LEO  \\$aMP10.0000629375
=LKR  \\$aPAR$b011825354$lBLL01$nArbitration international (Print)$mArbitration international (Online)$r776
=MNI  \\$a0957-0411
=SID  \\$aZ39$bOCLC
=SRC  \\$aDSS01$bbibmp10.200404.2.aa
=TCO  \\$aNLD$bSTICHTING REPRORECHT$c008
=TCO  \\$aCLA$bCLA$c008
=TOC  \\$aETOC
=UNO  \\$aY

