=LDR  05854cas a2201285 a 4500
=001  012432109
=003  Uk
=005  20230426110811.0
=006  m\\\\\o\\d\\\\\\\\
=007  cr\|||||||||||
=008  980227c19869999ncubx\pso\\\\\0\\\a0eng\c
=010  \\$a  2003233136
=015  \\$aGBB407224$2bnb
=016  \\$a012432109
=019  c\$a102319130
=022  0\$a1873-5843$l0887-6177$y0887-6177$2j
=035  \\$a(OCoLC)38524865
=037  \\$aacn$bOxford University Press
=037  3\$aISSN_08876177_4$bPortico$nOxford University Press
=040  \\$aOH1$beng$cOH1$dOCoLC$dCaQMU$dGU$dOCoLC$dWaSeSS$dOCoLC$dUKMGB$dOCoLC$dOCLCO$dOCoLC$dUk
=042  \\$aukblsr
=050  14$aRC386.2
=082  04$a616.805$223
=130  0\$aArchives of clinical neuropsychology (Online)
=222  \0$aArchives of clinical neuropsychology$b(Online)
=245  10$aArchives of clinical neuropsychology$h[electronic resource].
=260  \\$aOxford ;$aNew York :$bElsevier Science
=264  31$aCarny, NC :$bOxford University Press
=310  \\$a8 no. a year,$b1997-
=321  \\$aFrequency varies,$b1986-1996
=336  \\$atext$2rdacontent
=337  \\$acomputer$2rdamedia
=338  \\$aonline resource$2rdacarrier
=362  1\$aBegan with vol. 1, issue 1 (1986).
=538  \\$aMode of access: World Wide Web.
=540  \\$aCurrent Copyright Fee: GBP32.00$c29\0$5Uk
=550  \\$aOfficial journal of the National Academy of Neuropsychologists.
=588  \\$aDescription based on: Vol. 10, issue 1 (Jan./Feb. 1995); title from contents screen (ScienceDirect, viewed Oct. 3, 2003).
=588  \\$aLatest issue consulted: volume 28, isue 8 (December 2013) (Oxford Journals, viewed January 17, 2014).
=650  \0$aClinical neuropsychology$vPeriodicals.
=710  2\$aNational Academy of Neuropsychologists (U.S.),$eissuing body.
=776  08$iALso issued in print as:$tArchives of clinical neuropsychology$x0887-6177
=852  41$aBritish Library$bHMNTS$jELD Digital store$3Volume 29:Number 1(2014)-***Previous issues available in print copy
=852  41$aBritish Library$bDSC$j1634.090000$3apr-1995 VOL 10 PART 2-Volume 26:Issue 8(2011)***See ESTAR for full holdings.
=856  \\$31850-9999$uhttp://ukcatalogue.oup.com/$xBLDSS
=856  40$uhttp://acn.oxfordjournals.org/?code=acn&.cgifields=code&homepage.x=152&homepage.y=14
=856  40$uhttp://www.sciencedirect.com/science/journal/08876177
=859  \\$aXLD$bejournal$cSFX
=859  \\$aELD$bejournal
=945  \\$aARCHIVES OF CLINICAL NEUROPSYCHOLOGY.
=959  \\$fHeld but not currently received
=963  \\$aVOL. 1, 1986- *A=1$bY$cP326.C.455
=979  \\$aBritish Library$bDSC$j1634.090000
=985  \\$aCONFERENCE ANALYTIC RECORDS HELD
=985  \\$aCorrected by BSS-generated file for WR# 08/157
=A02  \\$a102319130
=ACF  \\$aPrevious copyright fee: GBP18.00$c5\5$e01-apr-2004$fGBP18.00$g0$hP$5Uk
=ACF  \\$aCurrent copyright fee: GBP20.00$c5\5$e01-jan-2003$fGBP20.00$g0$hP$5Uk
=ACF  \\$aCurrent copyright fee: GBP15.00$c5\5$e01-jul-2002$fGBP15.00$g0$hP$5Uk
=ACF  \\$aPrevious copyright fee: GBP19.00$c5\5$e01-jan-2008$fGBP19.00$g0$hP$5Uk
=ACF  \\$aPrevious copyright fee: GBP18.00$c29\0$e01-jan-2009$fGBP18.00$g0$hP$5Uk
=ACF  \\$aPrevious copyright fee: GBP20.00$c29\0$e01-jan-2013$fGBP20.00$g0$hP$5Uk
=ACF  \\$aPrevious copyright fee: GBP23.00$c29\0$e01-jan-2015$fGBP23.00$g0$hP$5Uk
=ACF  \\$aPrevious copyright fee: GBP24.00$c29\0$e01-jan-2016$fGBP24.00$g0$hP$5Uk
=ACF  \\$aPrevious copyright fee: GBP26.00$c29\0$e01-jan-2017$fGBP26.00$g0$hP$5Uk
=ACF  \\$aPrevious copyright fee: GBP27.00$c29\0$e01-jan-2018$fGBP27.00$g0$hP$5Uk
=ACF  \\$aPrevious copyright fee: GBP28.00$c29\0$e01-jan-2019$fGBP28.00$g0$hP$5Uk
=ACF  \\$aPrevious Copyright Fee: GBP20.00$c29\0$e01-jan-2020$fGBP20.00$g0$hP$5Uk
=CAT  \\$aCONV$b00$c20040425$lBLL90$h0712
=CAT  \\$aBATCH-UPD$b00$c20151119$lBLL01$h1551
=CAT  \\$aIPL-CLA$c20151231$lBLL01$h1918
=CAT  \\$aBATCH-UPD$b00$c20160524$lBLL01$h2209
=CAT  \\$aBATCH-UPD$b00$c20160525$lBLL01$h0012
=CAT  \\$aBATCH-016$c20160608$lBLL01$h1429
=CAT  \\$aBATCH-UPD$b00$c20161122$lBLL01$h1520
=CAT  \\$aIPL-CLA$c20161230$lBLL01$h2113
=CAT  \\$aBATCH-UPD$b00$c20171121$lBLL01$h1703
=CAT  \\$aW1711-1005$c20171206$lBLL01$h1815
=CAT  \\$aIPL-CLA$c20171231$lBLL01$h1622
=CAT  \\$aBATCH-UPD$b00$c20181217$lBLL01$h1651
=CAT  \\$aIPL-CLA$c20181231$lBLL01$h1539
=CAT  \\$aW1910-0530$c20191007$lBLL01$h1114
=CAT  \\$aR1911-1518$c20191206$lBLL01$h1419
=CAT  \\$aIPL-CLA$c20191231$lBLL01$h1922
=CAT  \\$aBATCH-UPD$b00$c20220308$lBLL01$h1734
=CAT  \\$aIPL-CLA$c20220331$lBLL01$h1951
=CAT  \\$a12654$b40$c20230109$lBLL01$h1101
=CAT  \\$a12654$b40$c20230109$lBLL01$h1255
=CAT  \\$aS2302-1302$c20230322$lBLL01$h1707
=CAT  \\$aS2302-1302$c20230322$lBLL01$h1708
=CAT  \\$aS2302-1302$c20230323$lBLL01$h1443
=CAT  \\$aIPL-CLA$c20230331$lBLL01$h1546
=CAT  \\$aS2304-0519$c20230412$lBLL01$h1139
=CAT  \\$aBATCH-SUPP$c20230426$lBLL01$h1108
=CFI  0\$aCurrent Copyright Fee: GBP32.00$c29\0$e01-apr-2023$fGBP32.00$g0$hP$5Uk
=CFI  2\$aPrevious copyright fee: GBP22.00$c29\0$e01-apr-2022$fGBP22.00$g0$hP$5Uk
=EST  \\$a1
=FFP  \\$aY$bBLDSS-3PM
=FIN  \\$aY
=FMT  \\$a  SE
=LAS  \\$aBATCH-SUPP$b00$c20230426$lBLL01$h1108
=LEO  \\$aMP10.0000629379
=LET  \0$aArchives of clinical neuropsychology (Electronic)
=LKR  \\$aPAR$b010464834$lBLL01$nArchives of clinical neuropsychology (Print)$mArchives of clinical neuropsychology (Online)$r776
=MNI  \\$a0887-6177
=SRC  \\$aDSS01$bbibmp10.200404.2.aa
=SRC  \\$aBLL02
=TCO  \\$aCLA$bCLA$c008
=TOC  \\$aETOC
=UNO  \\$aY

