=LDR  05279cas a2201225 a 4500
=001  012432146
=003  Uk
=005  20230426110811.0
=006  m\\\\\|\\d\|\\\\\\
=007  cr\|||||||||||
=008  040410c19979999enkbr\p\s\\\\\0\\\a0eng\\
=015  \\$aGBB407312$2bnb
=019  c\$a102542951
=022  0\$a1468-4004$202
=037  \\$aastrogeo$bOxford University Press
=037  3\$aISSN_13668781_4$bPortico$nOxford University Press
=040  \\$aUk$beng$cUk
=042  \\$aissnuk$aukblsr
=082  04$a520.5$223
=130  0\$aAstronomy and geophysics (Online)
=210  0\$aAstron. geophys.$b(Online)
=222  \0$aAstronomy & geophysics$b(Online)
=245  10$aAstronomy and geophysics$h[electronic resource].
=246  10$aA&G
=246  3\$aA and G
=260  \\$aBristol :$bIOP Publishing,$c1997-
=260  2\$aOxford :$bBlackwell Publishing Ltd
=264  31$aOxford :$bOxford University Press
=310  \\$aQuarterly
=336  \\$atext$2rdacontent
=337  \\$acomputer$2rdamedia
=338  \\$aonline resource$2rdacarrier
=362  1\$aPrint began with: Vol. 38, issue 1 (Feb./Mar. 1997).
=540  \\$aCurrent Copyright Fee: GBP13.00$c29\0$5Uk
=588  \\$aDescription based on print version record.
=588  \\$aLatest issue consulted: vol. 54, issue 6 (December 2013) (Oxford Journals, viewed January 20, 2014).
=595  \\$aFormerly 7184.900000 up to Volume 37 (1996), see also 7184.900000 for SML holdings,.
=650  \0$aAstronomy$xPeriodicals.
=650  \0$aGeophysics$xPeriodicals.
=710  2\$aRoyal Astronomical Society,$eissuing body.
=776  08$iAlso issued in print as:$tAstronomy and geophysics$x1366-8781
=780  00$tQuarterly journal of the Royal Astronomical Society
=852  41$aBritish Library$bHMNTS$jELD Digital store$3Volume 55:Issue 1(2014:Feb.)-***Previous issues available in print copy
=852  41$aBritish Library$bDSC$j1762.975000$3aug-2000 VOL 41 ISSU 4-Volume 52:Issue 6(2011)***See ESTAR for full holdings.
=856  \\$31850-9999$uhttp://ukcatalogue.oup.com/$xBLDSS
=856  40$uhttp://astrogeo.oxfordjournals.org/
=859  \\$aELD$bejournal
=859  \\$aXLD$bejournal$cSFX
=945  \\$aAstronomy and geophysics
=959  \\$fHeld but not currently received
=979  \\$aBritish Library$bDSC$j1762.975000
=ACF  \\$aCurrent copyright fee: GBP13.00$c10\0$e01-apr-2003$fGBP13.00$g0$hP$5Uk
=ACF  \\$aCurrent copyright fee: GBP13.00$c10\4$e01-jan-2002$fGBP13.00$g0$hP$5Uk
=ACF  \\$aPrevious copyright fee: GBP22.00$c10\0$e01-jan-2006$fGBP22.00$g0$hP$5Uk
=ACF  \\$aPrevious copyright fee: GBP15.00$c10\0$e01-apr-2004$fGBP15.00$g0$hP$5Uk
=ACF  \\$aPrevious copyright fee: GBP20.00$c29\0$e21-feb-2014$fGBP20.00$g0$hP$5Uk
=ACF  \\$aPrevious copyright fee: GBP16.00$c29\0$e01-jan-2015$fGBP16.00$g0$hP$5Uk
=ACF  \\$aPrevious copyright fee: GBP17.00$c29\0$e01-jan-2016$fGBP17.00$g0$hP$5Uk
=ACF  \\$aPrevious copyright fee: GBP18.00$c29\0$e01-jan-2017$fGBP18.00$g0$hP$5Uk
=ACF  \\$aPrevious copyright fee: GBP19.00$c29\0$e01-jan-2018$fGBP19.00$g0$hP$5Uk
=ACF  \\$aPrevious copyright fee: GBP20.00$c29\0$e01-jan-2019$fGBP20.00$g0$hP$5Uk
=ACF  \\$aPrevious Copyright Fee: GBP10.00$c29\0$e01-jan-2020$fGBP10.00$g0$hP$5Uk
=CAT  \\$aCONV$b00$c20040425$lBLL90$h0712
=CAT  \\$aIPL-CLA$c20151231$lBLL01$h1918
=CAT  \\$aBATCH-UPD$b00$c20160524$lBLL01$h2209
=CAT  \\$aBATCH-UPD$b00$c20160525$lBLL01$h0012
=CAT  \\$aBATCH-UPD$b00$c20161122$lBLL01$h1516
=CAT  \\$aBATCH-UPD$b00$c20161207$lBLL01$h1536
=CAT  \\$aIPL-CLA$c20161230$lBLL01$h2113
=CAT  \\$aBATCH-UPD$b00$c20171121$lBLL01$h1659
=CAT  \\$aW1711-1005$c20171206$lBLL01$h1815
=CAT  \\$aIPL-CLA$c20171231$lBLL01$h1622
=CAT  \\$aBATCH-UPD$b00$c20181217$lBLL01$h1654
=CAT  \\$aIPL-CLA$c20181231$lBLL01$h1539
=CAT  \\$aW1910-0530$c20191007$lBLL01$h1114
=CAT  \\$aR1911-1518$c20191206$lBLL01$h1433
=CAT  \\$aIPL-CLA$c20191231$lBLL01$h1922
=CAT  \\$aBATCH-UPD$b00$c20220308$lBLL01$h1738
=CAT  \\$aIPL-CLA$c20220331$lBLL01$h1951
=CAT  \\$a8250$b40$c20220729$lBLL01$h0940
=CAT  \\$a12654$b40$c20230109$lBLL01$h1206
=CAT  \\$a12654$b40$c20230109$lBLL01$h1258
=CAT  \\$aS2302-1302$c20230322$lBLL01$h1707
=CAT  \\$aS2302-1302$c20230322$lBLL01$h1708
=CAT  \\$aS2302-1302$c20230323$lBLL01$h1443
=CAT  \\$aIPL-CLA$c20230331$lBLL01$h1546
=CAT  \\$aS2304-0519$c20230412$lBLL01$h1139
=CAT  \\$aBATCH-SUPP$c20230426$lBLL01$h1108
=CFI  0\$aCurrent Copyright Fee: GBP13.00$c29\0$e01-apr-2023$fGBP13.00$g0$hP$5Uk
=CFI  2\$aPrevious copyright fee: GBP11.00$c29\0$e01-apr-2022$fGBP11.00$g0$hP$5Uk
=EST  \\$a1
=FFP  \\$aY$bBLDSS-3PM
=FIN  \\$aY
=FMT  \\$a  SE
=LAS  \\$aBATCH-SUPP$b00$c20230426$lBLL01$h1108
=LEO  \\$aMP10.0000629416
=LEO  \\$aMP22.0000062559
=LET  \0$aAstronomy & geophysics (Electronic)
=LKR  \\$aPAR$b011454123$lBLL01$nAstronomy & geophysics (Print)$mAstronomy & geophysics (Online)$r776
=MNI  \\$a1366-8781
=SRC  \\$aDSS01$bbibmp10.200404.2.aa
=SRC  \\$aISN01$bbibmp22.200404.2.aa
=TCO  \\$aCLA$bCLA$c008
=TOC  \\$aETOC
=UNO  \\$aY

