=LDR  06276cas a2201333 a 4500
=001  012432194
=003  Uk
=005  20230426110812.0
=006  m\\\\\\\\d\\\\\\\\
=007  cr||||||||||||
=008  040410c19909999enkbr\p\o\\\\\0\\\a0eng\\
=010  \\$a00238355
=015  \\$aGBB407068$2bnb
=019  c\$a102407148
=022  0\$a1465-7279$y1045-2249$202
=037  \\$abeheco$bOxford University Press
=037  3\$aISSN_10452249$bPortico$nOxford University Press
=040  \\$aOUN$beng$cOUN$dOCL$dIUL$dOCLCQ$dTXI$dMUQ$dOCLCQ$dHEBIS$dOCLCQ$dOCLCO$dOCLCQ$dOCLCF$dUk
=042  \\$aissnuk$aukblsr
=050  14$aQL750$b.B534
=082  04$a591.5$223
=130  0\$aBehavioral ecology (Online)
=222  \0$aBehavioral ecology$b(Online)
=245  10$aBehavioral ecology$h[electronic resource].
=246  13$aBehavioral ecology - online services
=260  \\$aOxford, UK :$bOxford University Press
=264  31$a[Oxford] :$bOxford University Press on behalf of the International Society for Behavioral Ecology
=310  \\$aBimonthly,$b1997-
=321  \\$aQuarterly,$bsummer 1990-1996
=336  \\$atext$2rdacontent
=337  \\$acomputer$2rdamedia
=338  \\$aonline resource$2rdacarrier
=362  1\$aPrint began with vol. 1, no. 1 (summer 1990).
=520  \\$aContains full text and abstracts, 1999- ; abstracts and PDF, Nov. 1998; abstracts only, <1996>-Sept. 1998.
=530  \\$aAlso issued in microform.
=530  \\$aElectronic journals from Oxford University Press are searchable via the Oxford journals online website.
=540  \\$aCurrent Copyright Fee: GBP42.00$c29\0$5Uk
=550  \\$aOfficial journal of the International Society for Behavioral Ecology.
=588  \\$aDescription based on: Vol. 7, no. 1 (Mar. 1996); title from title screen (viewed Apr. 18, 2000).
=588  \\$aLatest issue consulted: 25(1) (January-February 2014) (Oxford Journals, viewed January 16, 2014).
=650  \0$aAnimal behavior$vPeriodicals.
=650  \0$aBehavior evolution$vPeriodicals.
=650  \0$aEcology$vPeriodicals.
=650  \0$aPsychology, Comparative$vPeriodicals.
=710  2\$aInternational Society for Behavioral Ecology.
=776  08$iAlso issued in print as:$tBehavioral ecology$x1045-2249
=852  41$aBritish Library$bHMNTS$jELD Digital store$3Volume 25:Number 1(2014:Jan./Feb.)-***Previous issues available in print copy
=852  41$aBritish Library$bDSC$j1877.390000$3feb-2000 VOL 11 PART 1-Volume 22:Issue 6(2011)***See ESTAR for full holdings.
=856  \\$31850-9999$uhttp://ukcatalogue.oup.com/$xBLDSS
=856  4\$uhttp://firstsearch.oclc.org$zAddress for accessing the journal using authorization number and password through OCLC FirstSearch Electronic Collections Online
=856  40$uhttp://beheco.oupjournals.org
=856  40$uhttp://beheco.oxfordjournals.org
=859  \\$aXLD$bejournal$cSFX
=859  \\$aELD$bejournal
=945  \\$aBehavioral ecology
=959  \\$fHeld but not currently received
=979  \\$aBritish Library$bDSC$j1877.390000
=A02  \\$a102407148
=ACF  \\$aPrevious copyright fee: GBP12.00$c29\0$e01-jan-2004$fGBP12.00$g0$hP$5Uk
=ACF  \\$aCurrent copyright fee: GBP8.00$c29\0$e01-apr-2002$fGBP8.00$g0$hP$5Uk
=ACF  \\$aCurrent copyright fee: GBP10.00$c0$e01-jul-2001$fGBP10.00$g0$hC$5Uk
=ACF  \\$aPrevious Copyright Fee: GBP13.00$c29\0$e01-jan-2006$fGBP13.00$g0$hP$5Uk
=ACF  \\$aPrevious Copyright Fee: GBP12.30$c0$e01-jan-2014$fGBP12.30$g0$hA$5Uk
=ACF  \\$aPrevious copyright fee: GBP20.00$c29\0$e01-jan-2013$fGBP20.00$g0$hP$5Uk
=ACF  \\$aPrevious copyright fee: GBP12.00$c0$e01-jan-2012$fGBP12.00$g0$hA$5Uk
=ACF  \\$aPrevious copyright fee: GBP14.00$c29\0$e01-jan-2008$fGBP14.00$g0$hP$5Uk
=ACF  \\$aPrevious copyright fee: GBP20.00$c29\0$e21-feb-2014$fGBP20.00$g0$hP$5Uk
=ACF  \\$aPrevious copyright fee: GBP23.00$c29\0$e01-jan-2015$fGBP23.00$g0$hP$5Uk
=ACF  \\$aPrevious copyright fee: GBP24.00$c29\0$e01-jan-2016$fGBP24.00$g0$hP$5Uk
=ACF  \\$aPrevious copyright fee: GBP26.00$c29\0$e01-jan-2017$fGBP26.00$g0$hP$5Uk
=ACF  \\$aPrevious copyright fee: GBP27.00$c29\0$e01-jan-2018$fGBP27.00$g0$hP$5Uk
=ACF  \\$aPrevious copyright fee: GBP28.00$c29\0$e01-jan-2019$fGBP28.00$g0$hP$5Uk
=ACF  \\$aPrevious Copyright Fee: GBP29.00$c29\0$e01-jan-2020$fGBP29.00$g0$hP$5Uk
=CAT  \\$aCONV$b00$c20040425$lBLL90$h0712
=CAT  \\$aBLDSS-3PM$b00$c20141208$lBLL01$h1624
=CAT  \\$aIPL-CLA$c20141231$lBLL01$h1650
=CAT  \\$aBATCH-UPD$b00$c20151119$lBLL01$h1551
=CAT  \\$aIPL-CLA$c20151231$lBLL01$h1918
=CAT  \\$aBATCH-UPD$b00$c20160524$lBLL01$h2209
=CAT  \\$aBATCH-UPD$b00$c20160525$lBLL01$h0012
=CAT  \\$aBATCH-UPD$b00$c20161122$lBLL01$h1520
=CAT  \\$aIPL-CLA$c20161230$lBLL01$h2113
=CAT  \\$aBATCH-UPD$b00$c20171121$lBLL01$h1703
=CAT  \\$aW1711-1005$c20171206$lBLL01$h1815
=CAT  \\$aIPL-CLA$c20171231$lBLL01$h1622
=CAT  \\$aBATCH-UPD$b00$c20181217$lBLL01$h1651
=CAT  \\$aIPL-CLA$c20181231$lBLL01$h1539
=CAT  \\$aW1910-0530$c20191007$lBLL01$h1114
=CAT  \\$aR1911-1518$c20191206$lBLL01$h1405
=CAT  \\$aIPL-CLA$c20191231$lBLL01$h1922
=CAT  \\$aBATCH-UPD$b00$c20220308$lBLL01$h1727
=CAT  \\$aIPL-CLA$c20220331$lBLL01$h1951
=CAT  \\$a12654$b40$c20230109$lBLL01$h1216
=CAT  \\$a12654$b40$c20230109$lBLL01$h1218
=CAT  \\$aS2302-1302$c20230322$lBLL01$h1708
=CAT  \\$aS2302-1302$c20230323$lBLL01$h1443
=CAT  \\$aIPL-CLA$c20230331$lBLL01$h1546
=CAT  \\$aS2304-0519$c20230412$lBLL01$h1139
=CAT  \\$aBATCH-SUPP$c20230426$lBLL01$h1108
=CFI  0\$aCurrent Copyright Fee: GBP42.00$c29\0$e01-apr-2023$fGBP42.00$g0$hP$5Uk
=CFI  2\$aPrevious copyright fee: GBP32.00$c29\0$e01-apr-2022$fGBP32.00$g0$hP$5Uk
=EST  \\$a1
=FFP  \\$aY$bBLDSS-3PM
=FIN  \\$aY
=FMT  \\$a  SE
=LAS  \\$aBATCH-SUPP$b00$c20230426$lBLL01$h1108
=LEO  \\$aMP10.0000629464
=LKR  \\$aPAR$b010821340$lBLL01$r776$mBehavioral ecology [electronic resource].$nBehavioral ecology (Print).
=MNI  \\$a1045-2249
=SID  \\$aZ39$bOCLC
=SRC  \\$aDSS01$bbibmp10.200404.2.aa
=TCO  \\$aCLA$bCLA$c008
=TOC  \\$aETOC
=UNO  \\$aY

