=LDR  06158cas a2201333 a 4500
=001  012432347
=003  Uk
=005  20230426110813.0
=006  m\\\\\\\\d\\\\\\\\
=007  cr||||||||||||
=008  980223c19679999enkmx\p\o\\\\\0\\\a0eng\d
=010  \\$a2003233170
=015  \\$aGBB411350$2bnb
=019  c\$a102047288
=022  0\$a1755-3245$y0008-6363$202
=035  \\$a(OCoLC)38492093
=037  \\$acardiovascres$bOxford University Press
=037  3\$aISSN_00086363_4$bPortico$nOxford University Press
=040  \\$aOH1$cOH1$dOCL$dOCLCQ$dGUA$dOCLCQ$dMYG$dCLU$dU9S$dUk
=042  \\$aukblsr$aissnuk
=050  14$aRC666
=082  04$a616.1$223
=130  0\$aCardiovascular research (Online)
=222  \0$aCardiovascular research$b(Online)
=245  10$aCardiovascular research$h[electronic resource].
=246  13$aCVR$f<2008- >
=264  \1$a[London] :$b[British Medical Association]
=264  21$a[New York, NY] :$bElsevier
=264  31$32008-$aOxford :$bOxford University Press
=310  \\$aFourteen issues a year,$b2008-
=321  \\$aMonthly,$b1978-
=321  \\$aBimonthly,$b1972-1977
=321  \\$aQuarterly,$b1967-1971
=336  \\$atext$2rdacontent
=337  \\$acomputer$2rdamedia
=338  \\$aonline resource$2rdacarrier
=362  1\$aPrint began with vol. 1, no. 1 (Jan. 1967).
=525  \\$aSupplements accompany some volumes.
=540  \\$aCurrent Copyright Fee: GBP32.00$c29\0$5Uk
=550  \\$aPublished by the British Medical Association in association with the British Cardiac Society, 1967-1995; by the European Society of Cardiology, 1995-
=588  \\$aDescription based on: Vol. 29, issue 1 (Jan. 1995); title from contents screen (ScienceDirect, viewed Oct. 6, 2003).
=588  \\$aLatest issue consulted: volume 101, number 2 (1 February 2014) (Oxford Journals, viewed January 29, 2014).
=595  \\$aAbsorbs 3051.437100. See also Serial Records KCC-MAN DHSS and ULPO.
=650  \0$aCardiovascular system$xDiseases$vPeriodicals.
=650  \0$aCardiovascular system$vPeriodicals.
=710  2\$aEuropean Society of Cardiology.
=710  2\$aBritish Cardiac Society.
=776  08$iAlso issued in print as:$tCardiovascular research$x0008-6363
=852  41$aBritish Library$bHMNTS$jELD Digital store$3Volume 101:Number 1(2014)-***Previous issues available in print copy
=852  41$aBritish Library$bDSC$j3051.490000$3apr-1999 VOL 42 PART 1-Volume 92:Issue 3(2011)***See ESTAR for full holdings.
=856  \\$31850-9999$uhttp://ukcatalogue.oup.com/$xBLDSS
=856  4\$uhttp://www.sciencedirect.com/science/journal/00086363$zLink no longer available
=856  40$uhttp://cardiovascres.oxfordjournals.org
=859  \\$aXLD$bejournal$cSFX
=859  \\$aELD$bejournal
=945  \\$aCardiovascular research
=959  \\$fHeld but not currently received
=979  \\$aBritish Library$bDSC$j3051.490000
=985  \\$aISSN responsibility transferred to the Netherlands ISSN Centre Oct. 2007 (Multinational Publisher Agreement). Responsibility returned to ISSN UK Centre 26/10/10.
=ACF  \\$aPrevious copyright fee: GBP19.00$c5\1$e01-jan-2008$fGBP19.00$g0$hP$5Uk
=ACF  \\$aPrevious copyright fee: GBP18.00$c5\1$e01-apr-2004$fGBP18.00$g0$hP$5Uk
=ACF  \\$aCurrent copyright fee: GBP20.00$c5\1$e01-jan-2003$fGBP20.00$g0$hP$5Uk
=ACF  \\$aCurrent copyright fee: GBP15.00$c5\1$e01-jul-2002$fGBP15.00$g0$hP$5Uk
=ACF  \\$aPrevious copyright fee: GBP20.00$c5\1$e01-jan-2009$fGBP20.00$g0$hP$5Uk
=ACF  \\$aPrevious copyright fee: GBP23.00$c29\0$e01-jan-2010$fGBP23.00$g0$hP$5Uk
=ACF  \\$aPrevious copyright fee: GBP20.00$c29\0$e01-jan-2013$fGBP20.00$g0$hP$5Uk
=ACF  \\$aPrevious copyright fee: GBP23.00$c29\0$e01-jan-2015$fGBP23.00$g0$hP$5Uk
=ACF  \\$aPrevious copyright fee: GBP24.00$c29\0$e01-jan-2016$fGBP24.00$g0$hP$5Uk
=ACF  \\$aPrevious copyright fee: GBP26.00$c29\0$e01-jan-2017$fGBP26.00$g0$hP$5Uk
=ACF  \\$aPrevious copyright fee: GBP27.00$c29\0$e01-jan-2018$fGBP27.00$g0$hP$5Uk
=ACF  \\$aPrevious copyright fee: GBP28.00$c29\0$e01-jan-2019$fGBP28.00$g0$hP$5Uk
=ACF  \\$aPrevious Copyright Fee: GBP20.00$c29\0$e01-jan-2020$fGBP20.00$g0$hP$5Uk
=CAT  \\$aCONV$b00$c20040425$lBLL90$h0712
=CAT  \\$aBLDSS-3PM$b00$c20141208$lBLL01$h1624
=CAT  \\$aIPL-CLA$c20141231$lBLL01$h1650
=CAT  \\$aBATCH-UPD$b00$c20151119$lBLL01$h1551
=CAT  \\$aIPL-CLA$c20151231$lBLL01$h1918
=CAT  \\$aBATCH-UPD$b00$c20160524$lBLL01$h2209
=CAT  \\$aBATCH-UPD$b00$c20160525$lBLL01$h0012
=CAT  \\$aBATCH-UPD$b00$c20161122$lBLL01$h1520
=CAT  \\$aIPL-CLA$c20161230$lBLL01$h2113
=CAT  \\$aBATCH-UPD$b00$c20171121$lBLL01$h1703
=CAT  \\$aW1711-1005$c20171206$lBLL01$h1815
=CAT  \\$aIPL-CLA$c20171231$lBLL01$h1623
=CAT  \\$aBATCH-UPD$b00$c20181217$lBLL01$h1651
=CAT  \\$aIPL-CLA$c20181231$lBLL01$h1539
=CAT  \\$aW1910-0530$c20191007$lBLL01$h1114
=CAT  \\$aR1911-1518$c20191206$lBLL01$h1419
=CAT  \\$aIPL-CLA$c20191231$lBLL01$h1922
=CAT  \\$aBATCH-UPD$b00$c20220308$lBLL01$h1734
=CAT  \\$aIPL-CLA$c20220331$lBLL01$h1951
=CAT  \\$a12654$b40$c20230123$lBLL01$h1233
=CAT  \\$aS2302-1302$c20230322$lBLL01$h1707
=CAT  \\$aS2302-1302$c20230322$lBLL01$h1708
=CAT  \\$aS2302-1302$c20230323$lBLL01$h1443
=CAT  \\$aIPL-CLA$c20230331$lBLL01$h1546
=CAT  \\$aS2304-0519$c20230412$lBLL01$h1139
=CAT  \\$aBATCH-SUPP$c20230426$lBLL01$h1108
=CFI  0\$aCurrent Copyright Fee: GBP32.00$c29\0$e01-apr-2023$fGBP32.00$g0$hP$5Uk
=CFI  2\$aPrevious copyright fee: GBP22.00$c29\0$e01-apr-2022$fGBP22.00$g0$hP$5Uk
=EST  \\$a1
=FFP  \\$aY$bBLDSS-3PM
=FIN  \\$aY
=FMT  \\$a  SE
=LAS  \\$aBATCH-SUPP$b00$c20230426$lBLL01$h1108
=LEO  \\$aMP10.0000629617
=LET  \0$aCardiovascular research (Online)
=LKR  \\$aPAR$b008889500$lBLL01$r776$mCardiovascular research (Online)$nCardiovascular research (Print)
=MNI  \\$a0008-6363
=SID  \\$aZ39$bOCLC
=SRC  \\$aDSS01$bbibmp10.200404.2.aa
=TCO  \\$aCLA$bCLA$c008
=TOC  \\$aETOC
=UNO  \\$aY

