=LDR  05669cas a2201249 a 4500
=001  012432423
=003  Uk
=005  20230426110813.0
=006  m\\\\\o\\d\\\\\\\\
=007  cr\mnu||||||||
=008  040410c19669999enkmr\p\o\\\\\0\\\a0eng\\
=015  \\$aGBB350912$2bnb
=019  c\$a102051409
=022  0\$a1365-2249$l0009-9104$y0009-9104$202
=037  3\$aISSN_00099104_4$bPortico$nOxford University Press
=037  \\$aISSN_00099104$bPortico$nWiley
=040  \\$aUk$beng$cUk$dUk
=042  \\$aukblsr$aissnuk
=082  04$a616.079$221
=130  0\$aClinical and experimental immunology (Online)
=210  0\$aClin. exp. immunol.$b(Online)
=222  \0$aClinical and experimental immunology$b(Online)
=245  10$aClinical and experimental immunology$h[electronic resource].
=246  3\$aClinical & experimental immunology
=246  13$aCEI
=260  \\$aOxford, England :$bBlackwell Scientific,$c[1966]-
=264  21$a[Oxford] :$bWiley
=264  31$a[Oxford] :$bOxford University Press
=310  \\$aMonthly
=336  \\$atext$2rdacontent
=337  \\$acomputer$2rdamedia
=338  \\$aonline resource$2rdacarrier
=362  1\$aPrint began with: Vol. 1 in Jan. 1966.
=538  \\$aMode of access: World Wide Web.
=540  \\$aCurrent Copyright Fee: GBP42.00$c29\0$5Uk
=550  \\$aOfficial journal of the British Society for Immunology.
=588  \\$aLatest issue consulted: volume 207, issue1 (January 2022); Oxford University Press website, viewed August 2, 2022.
=650  \0$aImmunopathology$vPeriodicals.
=710  2\$aBritish Society for Immunology.
=776  08$iAlso issued in print as:$tClinical and experimental immunology$x0009-9104
=852  41$aBritish Library$bHMNTS$jELD Digital store$3Volume 171:Number 1(2013:Jan.)-***Previous issues available in print copy
=852  41$aBritish Library$bDSC$j3286.251000$3Volume 79:Issue 2(1990)-Volume 178:Issue 3(2014)***See ESTAR for full holdings.
=856  \\$31850-9999$uhttp://onlinelibrary.wiley.com/$xBLDSS
=856  40$uhttp://onlinelibrary.wiley.com/journal/10.1111/(ISSN)1365-2249
=856  40$uhttps://academic.oup.com/cei
=859  \\$aXLD$bejournal$cSFX
=859  \\$aELD$bejournal
=945  \\$aClinical and experimental immunology
=959  \\$fHeld but not currently received
=963  \\$aCA/M-7 1966- *A=1$bY
=979  \\$aBritish Library$bDSC$j3286.251000
=985  \\$aISSN responsibility transferred to U.S. ISSN Center from ISSN UK Centre, Wiley, Multinational Publisher List, Summer 2017.
=985  \\$aISSN UK Centre: ISSN responsibility in Portal shows as UK (it should have been transferred in 2017 as above note), record coded for UK Centre 3/8/22 as title transferred to OUP in 2022. DLW.
=A02  \\$a102051409
=ACF  \\$aCurrent copyright fee: GBP13.00$c10\0$e01-apr-2003$fGBP13.00$g0$hP$5Uk
=ACF  \\$aCurrent copyright fee: GBP13.00$c10\4$e01-jan-2002$fGBP13.00$g0$hP$5Uk
=ACF  \\$aPrevious copyright fee: GBP15.00$c10\0$e01-apr-2004$fGBP15.00$g0$hP$5Uk
=ACF  \\$aPrevious copyright fee: GBP22.00$c10\0$e01-jan-2006$fGBP22.00$g0$hP$5Uk
=ACF  \\$aPrevious copyright fee: GBP24.00$c10\0$e01-mar-2015$fGBP24.00$g0$hP$5Uk
=ACF  \\$aPrevious copyright fee: GBP24.00$c35\0$e07-mar-2017$fGBP24.00$g0$hP$5Uk
=ACF  \\$aPrevious copyright fee: GBP28.00$c35\0$e01-jan-2019$fGBP28.00$g0$hP$5Uk
=ACF  \\$aPrevious Copyright Fee: GBP20.00$c29\0$e01-jan-2022$fGBP20.00$g0$hP$5Uk
=ACF  \\$aPrevious Copyright Fee: GBP32.00$c35\0$e01-jan-2020$fGBP32.00$g0$hP$5Uk
=ACF  \\$aPrevious Copyright Fee: GBP29.00$c29\0$e09-mar-2022$fGBP29.00$g0$hP$5Uk
=CAT  \\$aCONV$b00$c20040425$lBLL90$h0712
=CAT  \\$aW1711-1005$c20171206$lBLL01$h1815
=CAT  \\$aBATCH-UPD$b00$c20180219$lBLL01$h1744
=CAT  \\$aBATCH-UPD$b00$c20181121$lBLL01$h1620
=CAT  \\$aIPL-CLA$c20181231$lBLL01$h1539
=CAT  \\$a5410$b40$c20191023$lBLL01$h0909
=CAT  \\$aR1911-0245$c20191127$lBLL01$h0822
=CAT  \\$aR1911-0245$c20191127$lBLL01$h1045
=CAT  \\$aIPL-CLA$c20191231$lBLL01$h1922
=CAT  \\$a12654$b40$c20211025$lBLL01$h1109
=CAT  \\$aIPL-CLA$c20211231$lBLL01$h1541
=CAT  \\$aBATCH-UPD$b00$c20220308$lBLL01$h1734
=CAT  \\$a8055$b40$c20220309$lBLL01$h1334
=CAT  \\$a15190$b40$c20220324$lBLL01$h1435
=CAT  \\$aIPL-CLA$c20220331$lBLL01$h1951
=CAT  \\$a11315$b40$c20220802$lBLL01$h1502
=CAT  \\$a10973$b40$c20220803$lBLL01$h1437
=CAT  \\$a5410$b40$c20221007$lBLL01$h1559
=CAT  \\$a12654$b40$c20230125$lBLL01$h0808
=CAT  \\$a10969$b40$c20230127$lBLL01$h1728
=CAT  \\$aS2302-1302$c20230322$lBLL01$h1707
=CAT  \\$aS2302-1302$c20230322$lBLL01$h1708
=CAT  \\$aS2302-1302$c20230323$lBLL01$h1443
=CAT  \\$aIPL-CLA$c20230331$lBLL01$h1546
=CAT  \\$aS2304-0519$c20230412$lBLL01$h1139
=CAT  \\$aBATCH-SUPP$c20230426$lBLL01$h1108
=CFI  0\$aCurrent Copyright Fee: GBP42.00$c29\0$e01-apr-2023$fGBP42.00$g0$hP$5Uk
=CFI  2\$aPrevious copyright fee: GBP32.00$c29\0$e01-apr-2022$fGBP32.00$g0$hP$5Uk
=EST  \\$a1
=FFP  \\$aY$bBLDSS-3PM
=FIN  \\$aY
=FMT  \\$a  SE
=LAS  \\$aBATCH-SUPP$b00$c20230426$lBLL01$h1108
=LEO  \\$aMP22.0000051915
=LEO  \\$aMP10.0000629693
=LET  \0$aClinical and experimental immunology (Electronic)
=LKR  \\$aPAR$b008889150$lBLL01$r776$mClinical and experimental immunology (Online)$nClinical and experimental immunology (Print)
=MNI  \\$a0009-9104
=SRC  \\$aISN01$bbibmp22.200404.2.aa
=SRC  \\$aDSS01$bbibmp10.200404.2.aa
=TCO  \\$aCLA$bCLA$c008
=TOC  \\$aETOC
=UNO  \\$aY

