=LDR  05494cas a2201249 a 4500
=001  012432977
=003  Uk
=005  20230426110815.0
=006  m\\\\\o\\d\\\\\\\\
=007  cr\cn|||||||||
=008  040410c19859999enkmr\p\o\\\\\0\\\a0eng\\
=015  \\$aGBB350771$2bnb
=019  c\$a102283696
=022  0\$a1574-6941$l0168-6496$y0168-6496
=037  \\$aISSN_01686496_2$bPortico$nWiley
=037  2\$afemsec$bOxford University Press
=037  3\$aISSN_15746941$bPortico$nOxford University Press
=040  \\$aUk$beng$cUk$dUk
=042  \\$aukblsr
=082  04$a579.17$223
=130  0\$aFEMS microbiology ecology (Online)
=222  \0$aFEMS microbiology ecology$b(Online)
=245  10$aFEMS microbiology ecology.
=246  30$aMicrobiology ecology
=246  3\$aFederation of European Microbiological Societies microbiology ecology
=260  \\$bElsevier Science$c1985-2005
=260  2\$32006-$bBlackwell Publishing
=264  31$aOxford :$bOxford University Press
=310  \\$aMonthly
=336  \\$atext$2rdacontent
=337  \\$acomputer$2rdamedia
=338  \\$aonline resource$2rdacarrier
=362  1\$aPrint began with vol. 31, no. 1 (Feb. 1985).
=516  \\$aPDF format
=538  \\$aMode of access: World Wide Web.
=540  \\$aCurrent Copyright Fee: GBP42.00$c29\0$5Uk
=580  \\$aVols. for 1986-Apr. 1993 also carry vol. numbering continuous with: Federation of European Microbiological Societies. FEMS microbiology letters; FEMS microbiology reviews, and FEMS microbiology immunology.
=588  \\$aLatest issue consulted: volume 91, issue 3 (March 2015) (Oxford Journals, viewed March 16, 2015).
=595  \\$aSEE ALSO CARD INDEX.
=650  \0$aMicrobial ecology$vPeriodicals.
=650  \0$aMicrobiology$vPeriodicals.
=776  08$iAlso issued in print as:$tFEMS microbiology ecology$x0168-6496
=780  11$tFEMS microbiology letters (Online)$x1574-6968
=787  1\$tFEMS microbiology reviews (Online)$x1574-6976
=787  1\$tFEMS immunology and medical microbiology (Online)$x1574-695X
=787  1\$tFEMS microbiology immunology
=852  41$aBritish Library$bDSC$j3905.296000$3may-1995 VOL 17 PART 1-Volume 96:Issue 3(2020)***See ESTAR for full holdings.
=852  41$aBritish Library$bHMNTS$jELD Digital store$3Volume 83:Issue 1(2013)-***Previous issues available in print copy
=856  4\$uhttp://femsec.oxfordjournals.org/content
=856  \\$31850-9999$uhttp://onlinelibrary.wiley.com/$xBLDSS
=859  \\$aXLD$bejournal$cSFX
=859  \\$aELD$bejournal
=945  \\$aFEMS microbiology ecology
=959  \\$fHeld but not currently received
=979  \\$aBritish Library$bDSC$j3905.296000
=A02  \\$a102283696
=ACF  \\$aCurrent copyright fee: GBP20.00$c5\1$e01-jan-2003$fGBP20.00$g0$hP$5Uk
=ACF  \\$aCurrent copyright fee: GBP15.00$c5\1$e01-jul-2002$fGBP15.00$g0$hP$5Uk
=ACF  \\$aPrevious copyright fee: GBP18.00$c5\1$e01-apr-2004$fGBP18.00$g0$hP$5Uk
=ACF  \\$aPrevious copyright fee: GBP22.00$c10\0$e01-jan-2006$fGBP22.00$g0$hP$5Uk
=ACF  \\$aPrevious copyright fee: GBP23.00$c29\0$e01-jan-2015$fGBP23.00$g0$hP$5Uk
=ACF  \\$aPrevious copyright fee: GBP24.00$c29\0$e01-jan-2016$fGBP24.00$g0$hP$5Uk
=ACF  \\$aPrevious copyright fee: GBP26.00$c29\0$e01-jan-2017$fGBP26.00$g0$hP$5Uk
=ACF  \\$aPrevious copyright fee: GBP27.00$c29\0$e01-jan-2018$fGBP27.00$g0$hP$5Uk
=ACF  \\$aPrevious copyright fee: GBP28.00$c29\0$e01-jan-2019$fGBP28.00$g0$hP$5Uk
=ACF  \\$aPrevious Copyright Fee: GBP29.00$c29\0$e01-jan-2020$fGBP29.00$g0$hP$5Uk
=CAT  \\$aCONV$b00$c20040425$lBLL90$h0712
=CAT  \\$a5110$b40$c20150401$lBLL01$h1322
=CAT  \\$aBATCH-UPD$b40$c20151119$lBLL01$h1551
=CAT  \\$aIPL-CLA$c20151231$lBLL01$h1918
=CAT  \\$aBATCH-UPD$b00$c20160524$lBLL01$h2209
=CAT  \\$aBATCH-UPD$b00$c20160525$lBLL01$h0013
=CAT  \\$aBATCH-UPD$b00$c20161122$lBLL01$h1520
=CAT  \\$aIPL-CLA$c20161230$lBLL01$h2113
=CAT  \\$aBATCH-UPD$b00$c20171121$lBLL01$h1703
=CAT  \\$aW1711-1005$c20171206$lBLL01$h1815
=CAT  \\$aIPL-CLA$c20171231$lBLL01$h1623
=CAT  \\$aBATCH-UPD$b00$c20181217$lBLL01$h1651
=CAT  \\$aIPL-CLA$c20181231$lBLL01$h1539
=CAT  \\$a15005$b40$c20191010$lBLL01$h1550
=CAT  \\$aR1911-1518$c20191206$lBLL01$h1405
=CAT  \\$aIPL-CLA$c20191231$lBLL01$h1922
=CAT  \\$a12654$b40$c20210426$lBLL01$h0831
=CAT  \\$a5410$b40$c20210627$lBLL01$h1825
=CAT  \\$aBATCH-UPD$b40$c20220308$lBLL01$h1727
=CAT  \\$aIPL-CLA$c20220331$lBLL01$h1951
=CAT  \\$a12654$b40$c20230126$lBLL01$h0822
=CAT  \\$aS2302-1302$c20230322$lBLL01$h1708
=CAT  \\$aS2302-1302$c20230323$lBLL01$h1443
=CAT  \\$aIPL-CLA$c20230331$lBLL01$h1546
=CAT  \\$aS2304-0519$c20230412$lBLL01$h1139
=CAT  \\$aBATCH-SUPP$c20230426$lBLL01$h1108
=CFI  0\$aCurrent Copyright Fee: GBP42.00$c29\0$e01-apr-2023$fGBP42.00$g0$hP$5Uk
=CFI  2\$aPrevious copyright fee: GBP32.00$c29\0$e01-apr-2022$fGBP32.00$g0$hP$5Uk
=EST  \\$a1
=FFP  \\$aY$bBLDSS-3PM
=FIN  \\$aY
=FMT  \\$a  SE
=LAS  \\$aBATCH-SUPP$b00$c20230426$lBLL01$h1108
=LEO  \\$aMP10.0000630247
=LKR  \\$aPAR$b009919662$lBLL01$r776$mFEMS microbiology ecology (Online)$nFEMS microbiology, ecology (Print)
=MNI  \\$a0168-6496
=SID  \\$aZ39$bOCLC
=SRC  \\$aDSS01$bbibmp10.200404.2.aa
=TCO  \\$aNLD$bSTICHTING REPRORECHT$c008
=TOC  \\$aETOC
=UNO  \\$aY

