=LDR  05626cas a2201213 i 4500
=001  012433393
=003  Uk
=005  20230426110816.0
=006  m\\\\\\\\d\|\\\\\\
=007  cr||||||||||||
=008  040410c19899999enkbr\p\o\\\\\0\\\a0eng\\
=015  \\$aGBB411526$2bnb
=019  c\$a102378031
=022  0\$a1873-7951$y0953-5438$202
=037  \\$aiwc$bOxford University Press
=037  3\$aISSN_09535438_4$bPortico$nOxford University Press
=040  \\$aUk$beng$cUk$dUk$erda
=042  \\$aissnuk$aukblsr
=082  04$a004.019$223
=210  0\$aInteract. comput.$b(Online)
=222  \0$aInteracting with computers$b(Online)
=245  00$aInteracting with computers :$bthe interdisciplinary journal of human-computer interaction.
=264  \1$aLondon :$bButterworths Scientific,$c1989-
=264  21$aAmsterdam :$bElsevier$3-2012
=264  31$32013-$aOxford :$bOxford University Press on behalf of BCS, The Chartered Institute for IT
=310  \\$aBimonthly
=321  \\$aThree times a year
=336  \\$atext$2rdacontent
=337  \\$acomputer$2rdamedia
=338  \\$aonline resource$2rdacarrier
=362  0\$aVolume 1, issue 1 (April 1989)-
=500  \\$aTitle from contents page (Oxford journals, viewed January 30, 2014).
=540  \\$aCurrent Copyright Fee: GBP13.00$c29\0$5Uk
=588  \\$aLatest issue consulted: volume 26, issue 1 (January 2014) (viewed January 30, 2014).
=650  \0$aHuman-computer interaction$vPeriodicals.
=710  2\$aBritish Computer Society.$bHuman Computer Interaction Specialist Group.
=710  2\$aBCS, The Chartered Institute for IT.
=776  08$iAlso issued in print as:$tInteracting with computers$x0953-5438
=852  41$aBritish Library$bHMNTS$jELD Digital store$3Volume 26:Issue 1(2014:Jan.)-
=852  41$aBritish Library$bDSC$j4531.869750$3Volume 10:Issue 2(1998)-Volume 32:Issue 4(2020)***See ESTAR for full holdings.
=856  \\$31850-9999$uhttp://ukcatalogue.oup.com/$xBLDSS
=856  40$uhttp://iwc.oxfordjournals.org/
=859  \\$aXLD$bejournal$cSFX
=859  \\$aELD$bejournal
=945  \\$aInteracting with computers
=959  \\$fHeld but not currently received
=979  \\$aBritish Library$bDSC$j4531.869750
=985  \\$aISSN transfer based on (i) existing ISSN Portal record, and (ii) Volume 25, issue 2 (March 2013), viewed via journal homepage 06/03/13.
=985  \\$aISSN responsibility transferred from ISSN Netherlands to ISSN UK Centre, 06/03/13.
=ACF  \\$aPrevious copyright fee: GBP19.00$c5\1$e01-jan-2008$fGBP19.00$g0$hP$5Uk
=ACF  \\$aPrevious copyright fee: GBP18.00$c5\1$e01-apr-2004$fGBP18.00$g0$hP$5Uk
=ACF  \\$aCurrent copyright fee: GBP20.00$c5\1$e01-jan-2003$fGBP20.00$g0$hP$5Uk
=ACF  \\$aCurrent copyright fee: GBP15.00$c5\1$e01-jul-2002$fGBP15.00$g0$hP$5Uk
=ACF  \\$aPrevious copyright fee: GBP20.00$c5\1$e01-jan-2009$fGBP20.00$g0$hP$5Uk
=ACF  \\$aPrevious copyright fee: GBP22.50$c5\1$e01-jan-2013$fGBP22.50$g0$hP$5Uk
=ACF  \\$aPrevious copyright fee: GBP21.00$c5\1$e01-jan-2012$fGBP21.00$g0$hP$5Uk
=ACF  \\$aPrevious copyright fee: GBP20.00$c29\0$e15-jan-2013$fGBP20.00$g0$hP$5Uk
=ACF  \\$aPrevious copyright fee: GBP23.00$c29\0$e01-jan-2015$fGBP23.00$g0$hP$5Uk
=ACF  \\$aPrevious copyright fee: GBP24.00$c29\0$e01-jan-2016$fGBP24.00$g0$hP$5Uk
=ACF  \\$aPrevious copyright fee: GBP26.00$c29\0$e01-jan-2017$fGBP26.00$g0$hP$5Uk
=ACF  \\$aPrevious copyright fee: GBP27.00$c29\0$e01-jan-2018$fGBP27.00$g0$hP$5Uk
=ACF  \\$aPrevious copyright fee: GBP28.00$c29\0$e01-jan-2019$fGBP28.00$g0$hP$5Uk
=ACF  \\$aPrevious Copyright Fee: GBP10.00$c29\0$e01-jan-2020$fGBP10.00$g0$hP$5Uk
=CAT  \\$aCONV$b00$c20040425$lBLL90$h0713
=CAT  \\$aBATCH-UPD$b00$c20150925$lBLL01$h0821
=CAT  \\$aBATCH-UPD$b00$c20151119$lBLL01$h1551
=CAT  \\$aIPL-CLA$c20151231$lBLL01$h1918
=CAT  \\$aBATCH-UPD$b00$c20160524$lBLL01$h2209
=CAT  \\$aBATCH-UPD$b00$c20160525$lBLL01$h0013
=CAT  \\$aBATCH-UPD$b00$c20161122$lBLL01$h1520
=CAT  \\$aIPL-CLA$c20161230$lBLL01$h2113
=CAT  \\$aBATCH-UPD$b00$c20171121$lBLL01$h1703
=CAT  \\$aW1711-1005$c20171206$lBLL01$h1815
=CAT  \\$aIPL-CLA$c20171231$lBLL01$h1623
=CAT  \\$aBATCH-UPD$b00$c20181217$lBLL01$h1651
=CAT  \\$aIPL-CLA$c20181231$lBLL01$h1540
=CAT  \\$aW1910-0530$c20191007$lBLL01$h1114
=CAT  \\$aR1911-1518$c20191206$lBLL01$h1433
=CAT  \\$aIPL-CLA$c20191231$lBLL01$h1922
=CAT  \\$a12654$b40$c20210426$lBLL01$h0946
=CAT  \\$a5410$b40$c20210812$lBLL01$h1110
=CAT  \\$aBATCH-UPD$b40$c20220308$lBLL01$h1738
=CAT  \\$aIPL-CLA$c20220331$lBLL01$h1951
=CAT  \\$a12654$b40$c20230209$lBLL01$h1202
=CAT  \\$aS2302-1302$c20230322$lBLL01$h1708
=CAT  \\$aS2302-1302$c20230323$lBLL01$h1443
=CAT  \\$aIPL-CLA$c20230331$lBLL01$h1546
=CAT  \\$aS2304-0519$c20230412$lBLL01$h1139
=CAT  \\$aBATCH-SUPP$c20230426$lBLL01$h1108
=CFI  0\$aCurrent Copyright Fee: GBP13.00$c29\0$e01-apr-2023$fGBP13.00$g0$hP$5Uk
=CFI  2\$aPrevious copyright fee: GBP11.00$c29\0$e01-apr-2022$fGBP11.00$g0$hP$5Uk
=EST  \\$a1
=FFP  \\$aY$bBLDSS-3PM
=FIN  \\$aY
=FMT  \\$a  SE
=LAS  \\$aBATCH-SUPP$b00$c20230426$lBLL01$h1108
=LEO  \\$aMP10.0000630663
=LET  \0$aInteracting with computers (Electronic)
=LKR  \\$aPAR$b011826526$lBLL01$nInteracting with computers (Print)$mInteracting with computers (Online)$r776
=MNI  \\$a0953-5438
=SRC  \\$aDSS01$bbibmp10.200404.2.aa
=TCO  \\$aCLA$bCLA$c008
=TOC  \\$aETOC
=UNO  \\$aY

