=LDR  05929cas a2201309 a 4500
=001  012433487
=003  Uk
=005  20230426110817.0
=006  m\\\\\\\\d\\\\\\\\
=007  cr||||||||||||
=008  960712c19939999enktr\pss\\\\\0\\\a0eng\c
=010  \\$a2002253434
=015  \\$aGBB407100$2bnb
=019  c\$a102478012
=022  0\$a1464-3693$202
=035  \\$a(WaSeSS)ssj0002618
=035  \\$a(StGlU)b22101998
=037  \\$ainttec$bOxford University Press
=037  3\$aISSN_09670769$bPortico$nOxford University Press
=038  \\$aOCoLC
=040  \\$aMoU$beng$cMoU$dOCoLC$dWaU$dOCoLC$dCU-S$dOCoLC$dDS$dAU@$dNBuU$dOCoLC$dGU$dOCoLC$dOCLCO$dOCoLC$dDNAL$dWaSeSS$dUk
=042  \\$aukblsr$aissnuk
=050  \4$aK9$b.N846
=070  0\$aK564.C6$bA15
=082  04$a343.0999$223
=130  0\$aInternational journal of law and information technology (Online)
=210  0\$aInt. j. law inf. technol. (Online)
=222  \0$aInternational journal of law and information technology (Online)
=245  10$aInternational journal of law and information technology$h[electronic resource].
=260  \\$aOxford, UK :$bOxford University Press
=310  \\$aQuarterly,$b2010-
=321  \\$aThree issues yearly,$b1993-2009
=336  \\$atext$2rdacontent
=337  \\$acomputer$2rdamedia
=338  \\$aonline resource$2rdacarrier
=362  0\$aVol. 1, no. 1 (spring 1993)-
=500  \\$aTitle from contents page (Oxford Journals, viewed Dec. 31, 2002).
=540  \\$aCurrent Copyright Fee: GBP42.00$c29\0$5Uk
=588  \\$aLatest issue consulted: volume 21, issue 4 (winter 2013) (Oxford Journals, viewed 16 January, 2014).
=650  \0$aComputers$xLaw and legislation$vPeriodicals.
=650  \0$aLegal research$xData processing$vPeriodicals.
=650  \0$aInformation storage and retrieval systems$xLaw$vPeriodicals.
=650  \0$aInformation technology$vPeriodicals.
=710  2\$aOxford University Press.
=776  08$iAlso issued in print as:$tInternational journal of law and information technology$x0967-0769
=852  41$aBritish Library$bHMNTS$jELD Digital store$3Volume 22:Number 1(2014)-***Previous issues available in print copy
=852  41$aBritish Library$bDSC$j4542.312370$32000 VOL 8 PART 1-Volume 19:Issue 4(2011)***See ESTAR for full holdings.
=856  \\$uhttp://ijlit.oxfordjournals.org/
=856  \\$31850-9999$uhttp://ukcatalogue.oup.com/$xBLDSS
=859  \\$aELD$bejournal
=859  \\$aXLD$bejournal$cSFX
=945  \\$aINTERNATIONAL JOURNAL OF LAW AND INFORMATION TECHNOLOGY.
=959  \\$fHeld but not currently received
=963  \\$aCA/U13 VOL. 1, 1993- *A=1$bN
=979  \\$aBritish Library$bDSC$j4542.312370
=985  \\$aCorrected by BSS-generated file for WR# 08/157
=985  \\$aCorrected by MS generated file for WR# 12.018
=A02  \\$a102478012
=ACF  \\$aPrevious copyright fee: GBP15.00$c29\0$e01-jan-2004$fGBP15.00$g0$hP$5Uk
=ACF  \\$aCurrent copyright fee: GBP10.00$c29\0$e01-apr-2002$fGBP10.00$g0$hP$5Uk
=ACF  \\$aCurrent copyright fee: GBP10.00$c0$e01-jul-2000$fGBP10.00$g0$hC$5Uk
=ACF  \\$aPrevious copyright fee: GBP16.00$c29\0$e01-jan-2006$fGBP16.00$g0$hP$5Uk
=ACF  \\$aPrevious copyright fee: GBP18.00$c29\0$e01-jan-2008$fGBP18.00$g0$hP$5Uk
=ACF  \\$aPrevious copyright fee: GBP20.00$c29\0$e01-jan-2013$fGBP20.00$g0$hP$5Uk
=ACF  \\$aPrevious copyright fee: GBP23.00$c29\0$e01-jan-2015$fGBP23.00$g0$hP$5Uk
=ACF  \\$aPrevious copyright fee: GBP24.00$c29\0$e01-jan-2016$fGBP24.00$g0$hP$5Uk
=ACF  \\$aPrevious copyright fee: GBP26.00$c29\0$e01-jan-2017$fGBP26.00$g0$hP$5Uk
=ACF  \\$aPrevious copyright fee: GBP27.00$c29\0$e01-jan-2018$fGBP27.00$g0$hP$5Uk
=ACF  \\$aPrevious copyright fee: GBP28.00$c29\0$e01-jan-2019$fGBP28.00$g0$hP$5Uk
=ACF  \\$aPrevious Copyright Fee: GBP29.00$c29\0$e01-jan-2020$fGBP29.00$g0$hP$5Uk
=CAT  \\$aCONV$b00$c20040425$lBLL90$h0713
=CAT  \\$aBLDSS-3PM$b00$c20141208$lBLL01$h1624
=CAT  \\$aIPL-CLA$c20141231$lBLL01$h1650
=CAT  \\$aBATCH-UPD$b00$c20151119$lBLL01$h1551
=CAT  \\$aIPL-CLA$c20151231$lBLL01$h1918
=CAT  \\$aBATCH-UPD$b00$c20160524$lBLL01$h2209
=CAT  \\$aBATCH-UPD$b00$c20160525$lBLL01$h0013
=CAT  \\$aBATCH-UPD$b00$c20161122$lBLL01$h1520
=CAT  \\$aIPL-CLA$c20161230$lBLL01$h2113
=CAT  \\$aBATCH-UPD$b00$c20171121$lBLL01$h1703
=CAT  \\$aW1711-1005$c20171206$lBLL01$h1815
=CAT  \\$aIPL-CLA$c20171231$lBLL01$h1623
=CAT  \\$aBATCH-UPD$b00$c20181217$lBLL01$h1651
=CAT  \\$aIPL-CLA$c20181231$lBLL01$h1540
=CAT  \\$aW1910-0530$c20191007$lBLL01$h1114
=CAT  \\$aR1911-1518$c20191206$lBLL01$h1405
=CAT  \\$aIPL-CLA$c20191231$lBLL01$h1922
=CAT  \\$a8124$b40$c20210120$lBLL01$h1640
=CAT  \\$aBATCH-UPD$b40$c20220308$lBLL01$h1727
=CAT  \\$aIPL-CLA$c20220331$lBLL01$h1951
=CAT  \\$a12654$b40$c20230209$lBLL01$h1422
=CAT  \\$aS2302-1302$c20230322$lBLL01$h1708
=CAT  \\$aS2302-1302$c20230323$lBLL01$h1443
=CAT  \\$aIPL-CLA$c20230331$lBLL01$h1546
=CAT  \\$aS2304-0519$c20230412$lBLL01$h1139
=CAT  \\$aBATCH-SUPP$c20230426$lBLL01$h1108
=CFI  0\$aCurrent Copyright Fee: GBP42.00$c29\0$e01-apr-2023$fGBP42.00$g0$hP$5Uk
=CFI  2\$aPrevious copyright fee: GBP32.00$c29\0$e01-apr-2022$fGBP32.00$g0$hP$5Uk
=EST  \\$a1
=FFP  \\$aY$bBLDSS-3PM
=FIN  \\$aY
=FMT  \\$a  SE
=LAS  \\$aBATCH-SUPP$b00$c20230426$lBLL01$h1108
=LEO  \\$aMP10.0000630757
=LET  \0$aInternational journal of law and information technology (online)
=LKR  \\$aPAR$b012486426$lBLL01$nInternational journal of law and information technology (Print)$mInternational journal of law and information technology (Online)$r776
=MNI  \\$a0967-0769
=SID  \\$aZ39$bRLUK
=SRC  \\$aDSS01$bbibmp10.200404.2.aa
=TCO  \\$aCLA$bCLA$c008
=TOC  \\$aETOC
=UNO  \\$aY

