=LDR  05586cas a2201237 i 4500
=001  012433528
=003  Uk
=005  20230426110817.0
=006  m\\\\\|\\d\|\\\\\\
=007  cr||||||||||||
=008  040410c19949999enkbr\p\s\\\\\0\\\a0eng\\
=015  \\$aGBB409567$2bnb
=019  c\$a102495810
=022  0\$a1464-3677$202
=037  \\$aintqhc$bOxford University Press
=037  3\$aISSN_13534505$bPortico$nOxford University Press
=040  \\$aUk$beng$cUk$erda
=042  \\$aissnuk$aukblsr
=082  04$a362.1068$223
=210  0\$aInt. j. qual. health care$b(Online)
=222  \0$aInternational journal for quality in health care$b(Online)
=245  00$aInternational journal for quality in health care.
=260  \\$aOxford :$bPergamon,$c1994-
=264  \1$aOxford :$bOxford University Press
=310  \\$a6 no. a year,$b<1998->
=321  \\$aQuarterly,$b1994-
=336  \\$atext$2rdacontent
=337  \\$acomputer$2rdamedia
=338  \\$aonline resource$2rdacarrier
=362  0\$aPrint began with: volume 6, number 1 (1994).
=540  \\$aCurrent Copyright Fee: GBP42.00$c29\0$5Uk
=580  \\$aIncludes issues of earlier title: Quality assurance in health care.
=588  \\$aDescription based on: print version record.
=588  \\$aLatest issue consulted: volume 25, issue 6 (December 2013) (Oxford Journals, viewed January 27, 2014).
=595  \\$aFORMERLY 7168.13936 UP TO VOL. 5, 1993.
=650  \0$aMedical care$xQuality control$vPeriodicals.
=690  7\$aSocial Welfare$2blcoll
=710  2\$aInternational Society for Quality in Health Care.
=770  0\$tIJQHC communications$x2634-5293
=776  08$iAlso issued in print as:$tInternational journal for quality in health care$x1353-4505
=780  00$tQuality assurance in health care$x2753-5444
=852  41$aBritish Library$bHMNTS$jELD Digital store$3Volume 26:Number 1(2014:Feb.)-***Previous issues available in print copy
=852  41$aBritish Library$bDSC$j4542.510500$3Volume 8:Part 3(1996)-Volume 23:Issue 6(2011)***See ESTAR for full holdings.
=856  \\$31850-9999$uhttp://ukcatalogue.oup.com/$xBLDSS
=856  40$uhttp://intqhc.oxfordjournals.org/
=859  \\$aXLD$bejournal$cSFX
=859  \\$aELD$bejournal
=945  \\$aINTERNATIONAL JOURNAL FOR QUALITY IN HEALTH CARE.
=959  \\$fHeld but not currently received
=963  \\$aVOL. 6, 1994- *A=1$bN$cP334.B.78
=979  \\$aBritish Library$bDSC$j4542.510500
=985  \\$aCorrected by BSS-generated file for WR# 08/157
=A02  \\$a102495810
=ACF  \\$aPrevious copyright fee: GBP15.00$c29\0$e01-jan-2004$fGBP15.00$g0$hP$5Uk
=ACF  \\$aCurrent copyright fee: GBP10.00$c29\0$e01-apr-2002$fGBP10.00$g0$hP$5Uk
=ACF  \\$aCurrent copyright fee: GBP13.00$c0$e01-jul-2001$fGBP13.00$g0$hC$5Uk
=ACF  \\$aPrevious copyright fee: GBP16.00$c29\0$e01-jan-2006$fGBP16.00$g0$hP$5Uk
=ACF  \\$aPrevious copyright fee: GBP18.00$c29\0$e01-jan-2008$fGBP18.00$g0$hP$5Uk
=ACF  \\$aPrevious copyright fee: GBP20.00$c29\0$e01-jan-2013$fGBP20.00$g0$hP$5Uk
=ACF  \\$aPrevious copyright fee: GBP23.00$c29\0$e01-jan-2015$fGBP23.00$g0$hP$5Uk
=ACF  \\$aPrevious copyright fee: GBP24.00$c29\0$e01-jan-2016$fGBP24.00$g0$hP$5Uk
=ACF  \\$aPrevious copyright fee: GBP26.00$c29\0$e01-jan-2017$fGBP26.00$g0$hP$5Uk
=ACF  \\$aPrevious copyright fee: GBP27.00$c29\0$e01-jan-2018$fGBP27.00$g0$hP$5Uk
=ACF  \\$aPrevious copyright fee: GBP28.00$c29\0$e01-jan-2019$fGBP28.00$g0$hP$5Uk
=ACF  \\$aPrevious Copyright Fee: GBP29.00$c29\0$e01-jan-2020$fGBP29.00$g0$hP$5Uk
=CAT  \\$aCONV$b00$c20040425$lBLL90$h0713
=CAT  \\$aBATCH-UPD$b00$c20151119$lBLL01$h1551
=CAT  \\$aIPL-CLA$c20151231$lBLL01$h1918
=CAT  \\$aBATCH-UPD$b00$c20160524$lBLL01$h2209
=CAT  \\$aBATCH-UPD$b00$c20160525$lBLL01$h0013
=CAT  \\$aBATCH-UPD$b00$c20161122$lBLL01$h1520
=CAT  \\$aIPL-CLA$c20161230$lBLL01$h2113
=CAT  \\$aBATCH-UPD$b00$c20171121$lBLL01$h1703
=CAT  \\$aW1711-1005$c20171206$lBLL01$h1815
=CAT  \\$aIPL-CLA$c20171231$lBLL01$h1623
=CAT  \\$aBATCH-UPD$b00$c20181217$lBLL01$h1651
=CAT  \\$aIPL-CLA$c20181231$lBLL01$h1540
=CAT  \\$aW1910-0530$c20191007$lBLL01$h1114
=CAT  \\$aR1911-1518$c20191206$lBLL01$h1405
=CAT  \\$aIPL-CLA$c20191231$lBLL01$h1922
=CAT  \\$a10806$b40$c20210823$lBLL01$h0903
=CAT  \\$aBATCH-UPD$b40$c20220308$lBLL01$h1727
=CAT  \\$aIPL-CLA$c20220331$lBLL01$h1951
=CAT  \\$a10806$b40$c20220912$lBLL01$h0755
=CAT  \\$a12654$b40$c20230209$lBLL01$h1359
=CAT  \\$a12654$b40$c20230209$lBLL01$h1403
=CAT  \\$aS2302-1302$c20230322$lBLL01$h1708
=CAT  \\$aS2302-1302$c20230323$lBLL01$h1443
=CAT  \\$aIPL-CLA$c20230331$lBLL01$h1546
=CAT  \\$aS2304-0519$c20230412$lBLL01$h1139
=CAT  \\$aBATCH-SUPP$c20230426$lBLL01$h1108
=CFI  0\$aCurrent Copyright Fee: GBP42.00$c29\0$e01-apr-2023$fGBP42.00$g0$hP$5Uk
=CFI  2\$aPrevious copyright fee: GBP32.00$c29\0$e01-apr-2022$fGBP32.00$g0$hP$5Uk
=EST  \\$a1
=FFP  \\$aY$bBLDSS-3PM
=FIN  \\$aY
=FMT  \\$a  SE
=LAS  \\$aBATCH-SUPP$b00$c20230426$lBLL01$h1108
=LEO  \\$aMP10.0000630798
=LET  \0$aInternational journal for quality in health care (Electronic)
=LKR  \\$aPAR$b007234976$lBLL01$nInternational journal for quality in health care (Print)$mInternational journal for quality in health care (Online)$r776
=MNI  \\$a1353-4505
=SRC  \\$aDSS01$bbibmp10.200404.2.aa
=TCO  \\$aCLA$bCLA$c008
=TOC  \\$aETOC
=UNO  \\$aY

