=LDR  06342cas a2201417 a 4500
=001  012434448
=003  Uk
=005  20230426110819.0
=006  m\\\\\\\\d\\\\\\\\
=007  cr\|n|||||||||
=008  951202c19959999enkmr\p\o\\\\\0\\\a0eng\d
=010  \\$asn 95050221
=015  \\$aGBB409359$2bnb
=016  \\$a9513710$2DNLM
=016  \\$aSR0085210$2DNLM
=016  \\$a009085282
=016  \\$a012434448
=019  c\$a102527547
=022  0\$a1460-2407$202
=030  \\$aMHREFD
=032  \\$a014205$bUSPS
=035  \\$a(OCoLC)858838808
=037  \\$amolehr$bOxford University Press
=037  3\$aISSN_13609947$bPortico$nOxford University Press
=040  \\$aVT2$beng$cVT2$dOCLCO$dUk
=042  \\$aukblsr$aissnuk
=060  00$aW1$bMO196GW
=082  04$a612.6$223
=130  0\$aMolecular human reproduction (Online)
=210  0\$aMol. hum. reprod.$b(Online)
=222  \0$aMolecular human reproduction$b(Online)
=245  10$aMolecular human reproduction$h[electronic resource] :$bbasic science of reproductive medicine.
=246  13$iAlso known as:$aMHR
=260  \\$aOxford, UK :$bPublished for the European Society for Human Reproduction and Embryology by Oxford University Press,$c[1995]-
=310  \\$aMonthly
=336  \\$atext$2rdacontent
=337  \\$acomputer$2rdamedia
=338  \\$aonline resource$2rdacarrier
=362  0\$a[Vol. 1, no. 1] (Mar. 1995)-
=500  \\$aTitle from caption.
=515  \\$aIssue for Mar. 1995 called v. 10, no. 3, continuing the numbering of Human reproduction, but constitutes v. 1, no. 1.
=515  \\$aVol. 1 complete in 8 issues.
=540  \\$aCurrent Copyright Fee: GBP42.00$c29\0$5Uk
=580  \\$aVol. 1 issued as a section of and paged consecutively with Mar.-Oct. 1995 issues of: Human reproduction (Oxford, England); issued separately, Jan. 1996-.
=588  \\$aLatest issue consulted: volume 20, number 2 (February 2014) (Oxford Journals website, viewed January 23, 2014).
=650  \0$aHuman reproduction$xMolecular aspects$vPeriodicals.
=655  \0$aElectronic journals.
=710  2\$aEuropean Society of Human Reproduction and Embryology.
=776  08$iAlso issued in print as:$tMolecular human reproduction$x1360-9947
=777  1\$tHuman reproduction (Oxford, England)$gMar.-Oct. 1995$x0268-1161
=852  41$aBritish Library$bDSC$j5900.817650$3jan-2000 VOL 6 PART 1-Volume 17:Issue 12(2011)***See ESTAR for full holdings.
=852  41$aBritish Library$bHMNTS$jELD Digital store$3Volume 20:Number 1(2014)-***Previous issues available in print copy
=856  \\$31850-9999$uhttp://ukcatalogue.oup.com/$xBLDSS
=856  40$uhttp://molehr.oxfordjournals.org$z1996 to 1 year ago
=856  40$uhttp://molehr.oxfordjournals.org/archive$z1995 to 1995
=856  40$uhttp://molehr.oxfordjournals.org/archive$z1996 to present
=856  40$uhttp://www.ingentaconnect.com/content/oup/molehr$z1997 to 2009
=859  \\$aELD$bejournal
=859  \\$aXLD$bejournal$cSFX
=945  \\$aMolecular human reproduction
=959  \\$fHeld but not currently received
=963  \\$aVOL. 1, 1995- *A=1$bN$cL380.B.52
=979  \\$aBritish Library$bDSC$j5900.817650
=985  \\$aCorrected by MS generated file for WR# 12.018
=A02  \\$a102527547
=ACF  \\$aPrevious copyright fee: GBP15.00$c29\0$e01-jan-2004$fGBP15.00$g0$hP$5Uk
=ACF  \\$aCurrent copyright fee: GBP10.00$c29\0$e01-apr-2002$fGBP10.00$g0$hP$5Uk
=ACF  \\$aCurrent copyright fee: GBP13.00$c0$e01-jul-2001$fGBP13.00$g0$hC$5Uk
=ACF  \\$aPrevious copyright fee: GBP16.00$c29\0$e01-jan-2006$fGBP16.00$g0$hP$5Uk
=ACF  \\$aPrevious copyright fee: GBP18.00$c29\0$e01-jan-2008$fGBP18.00$g0$hP$5Uk
=ACF  \\$aPrevious copyright fee: GBP20.00$c29\0$e01-jan-2013$fGBP20.00$g0$hP$5Uk
=ACF  \\$aPrevious copyright fee: GBP23.00$c29\0$e01-jan-2015$fGBP23.00$g0$hP$5Uk
=ACF  \\$aPrevious copyright fee: GBP24.00$c29\0$e01-jan-2016$fGBP24.00$g0$hP$5Uk
=ACF  \\$aPrevious copyright fee: GBP26.00$c29\0$e01-jan-2017$fGBP26.00$g0$hP$5Uk
=ACF  \\$aPrevious copyright fee: GBP27.00$c29\0$e01-jan-2018$fGBP27.00$g0$hP$5Uk
=ACF  \\$aPrevious copyright fee: GBP28.00$c29\0$e01-jan-2019$fGBP28.00$g0$hP$5Uk
=ACF  \\$aPrevious copyright fee: GBP29.00$c29\0$e01-jan-2020$fGBP29.00$g0$hP$5Uk
=CAT  \\$aCONV$b00$c20040425$lBLL90$h0713
=CAT  \\$aBATCH-UPD$b00$c20151119$lBLL01$h1551
=CAT  \\$aIPL-CLA$c20151231$lBLL01$h1918
=CAT  \\$aBATCH-UPD$b00$c20160524$lBLL01$h2209
=CAT  \\$aBATCH-UPD$b00$c20160525$lBLL01$h0014
=CAT  \\$aBATCH-016$c20160608$lBLL01$h1429
=CAT  \\$aBATCH-UPD$b00$c20161122$lBLL01$h1520
=CAT  \\$aIPL-CLA$c20161230$lBLL01$h2114
=CAT  \\$aBATCH-UPD$b00$c20171121$lBLL01$h1703
=CAT  \\$aW1711-1005$c20171206$lBLL01$h1816
=CAT  \\$aIPL-CLA$c20171231$lBLL01$h1623
=CAT  \\$aBATCH-UPD$b00$c20181217$lBLL01$h1651
=CAT  \\$aIPL-CLA$c20181231$lBLL01$h1540
=CAT  \\$aW1910-0530$c20191007$lBLL01$h1114
=CAT  \\$a5552$b40$c20191120$lBLL01$h0803
=CAT  \\$aIPL-CLA$c20191231$lBLL01$h1922
=CAT  \\$a5410$b40$c20200911$lBLL01$h0029
=CAT  \\$aBATCH-UPD$b40$c20220308$lBLL01$h1727
=CAT  \\$aIPL-CLA$c20220331$lBLL01$h1951
=CAT  \\$a5410$b40$c20221009$lBLL01$h1147
=CAT  \\$a12654$b40$c20230228$lBLL01$h0847
=CAT  \\$aS2302-1302$c20230322$lBLL01$h1708
=CAT  \\$aS2302-1302$c20230323$lBLL01$h1443
=CAT  \\$aIPL-CLA$c20230331$lBLL01$h1546
=CAT  \\$aS2304-0519$c20230412$lBLL01$h1139
=CAT  \\$aBATCH-SUPP$c20230426$lBLL01$h1108
=CFI  0\$aCurrent Copyright Fee: GBP42.00$c29\0$e01-apr-2023$fGBP42.00$g0$hP$5Uk
=CFI  2\$aPrevious copyright fee: GBP32.00$c29\0$e01-apr-2022$fGBP32.00$g0$hP$5Uk
=EST  \\$a1
=FFP  \\$aY$bBLDSS-3PM
=FIN  \\$aY
=FMT  \\$a  SE
=LAS  \\$aBATCH-SUPP$b00$c20230426$lBLL01$h1108
=LEO  \\$aMP10.0000631718
=LEO  \\$aMP22.0000056212
=LET  \0$aMolecular human reproduction (Online)
=LKR  \\$aPAR$b009085282$lBLL01$nMolecular human reproduction (Print)$mMolecular human reproduction (Online)$r776
=MNI  \\$a1360-9947
=SID  \\$aZ39$bOCLC
=SRC  \\$aISN01$bbibmp22.200404.2.aa
=SRC  \\$aDSS01$bbibmp10.200404.2.aa
=TCO  \\$aCLA$bCLA$c008
=TOC  \\$aETOC
=UNO  \\$aY

