=LDR  05695cas a2201261 a 4500
=001  013132521
=003  Uk
=005  20230707101144.0
=006  m\\\\\\\\d\\\\\\\\
=007  cr\un|||||||||
=008  040916c20049999enkmr\jss\\\\\0\\\a0eng\c
=010  \\$a  2005242035
=015  \\$aGBB243582$2bnb
=022  \\$a1743-6109$202
=035  \\$a(OCoLC)56519822
=037  3\$aISSN_17436095_4$bPortico$nOxford University Press
=037  \\$aISSN_17436095$bPortico$nWiley
=040  \\$aFMFIU$beng$cFMFIU$dOCoLC$dMCM$dOCoLC$dWaSeSS$dOCoLC$dUk
=042  \\$aukblsr$aissnuk
=050  14$aHQ1$b.J58
=082  04$a616.69005$223
=130  0\$aJournal of sexual medicine (Online)
=210  0\$aJ. sex. med.$b(Online)
=222  \4$aThe journal of sexual medicine$b(Online)
=245  14$aThe journal of sexual medicine$h[electronic resource].
=260  \\$a[Oxford] :$bBlackwell
=260  2\$3Mar. 2007-$a[Oxford] :$bWiley-Blackwell
=264  21$a[Philadelphia]:$bElsevier
=264  31$32023-$a[Oxford] :$bOxford University Press
=310  \\$aMonthly,$b2008-
=321  \\$aBimonthly,$b2004-2007
=336  \\$atext$2rdacontent
=337  \\$acomputer$2rdamedia
=338  \\$aonline resource$2rdacarrier
=362  0\$aVol. 1, issue 1 (July 2004)-
=500  \\$aTitle from issue contents page (Blackwell-Synergy; viewed May 16, 2005).
=530  \\$aAlso issued in print.
=540  \\$aCurrent Copyright Fee: GBP32.00$c29\0$5Uk
=550  \\$a"Official journal of the International Society for Sexual and Impotence Research."
=550  \\$aOfficial publication of the International Society for Sexual Medicine and the International Society for the Study of Women's Sexual Health, <2012- >.
=588  \\$aLatest issue consulted: volume 20, number 2 (February 2023) (Oxford Academic, viewed March 7, 2023).
=650  \0$aSexual disorders$vPeriodicals.
=650  \0$aSex$vPeriodicals.
=650  \0$aSexual health$vPeriodicals.
=710  2\$aInternational Society for Sexual and Impotence Research.
=710  2\$3<2012- >.$aInternational Society for Sexual Medicine,
=710  2\$3<2012- >$aInternational Society for the Study of Women's Sexual Health,
=776  1\$tJournal of sexual medicine$x1743-6095
=852  \\$aBritish Library$bDSC$j5064.060000$3Volume 1:Issue 1(2004)-Volume 14:Issue 12(2017)***See ESTAR for full holdings.
=852  41$aBritish Library$bHMNTS$jELD Digital store$3Volume 10:Number 1(2013:Jan.)-***Previous issues available in print copy
=856  \\$31850-9999$uhttp://onlinelibrary.wiley.com/$xBLDSS
=856  40$uhttp://firstsearch.oclc.org$zAddress for accessing the journal using authorization number and password through OCLC FirstSearch Electronic Collections Online
=856  40$uhttp://onlinelibrary.wiley.com/journal/10.1111/(ISSN)1743-6109
=856  40$uhttp://www.blackwell-synergy.com/openurl?genre=journal&eissn=1743-6109
=856  40$uhttp://www.blackwell-synergy.com/servlet/useragent?func=showIssues&code=jsm
=856  40$uhttps://academic.oup.com/jsm
=859  \\$aELD$bejournal
=859  \\$aXLD$bejournal$cSFX
=945  \\$aJournal of sexual medicine
=959  \\$fHeld but not currently received
=979  \\$aBritish Library$bDSC$j5064.060000
=985  \\$aCONFERENCE ANALYTIC RECORDS EXIST
=985  \\$aISSN responsibility transferred to ISSN Netherlands (30/01/18)
=985  \\$aISSN responsibility transferred from ISSN Netherlands to ISSN UK (13/03/23)
=ACF  \\$aPrevious copyright fee: GBP15.00$c10\0$e10-mar-2005$fGBP15.00$g0$hP$5Uk
=ACF  \\$aPrevious copyright fee: GBP24.00$c10\0$e01-mar-2015$fGBP24.00$g0$hP$5Uk
=ACF  \\$aPrevious copyright fee: GBP22.00$c10\0$e01-jan-2006$fGBP22.00$g0$hP$5Uk
=ACF  \\$aPrevious copyright fee: GBP22.50$c5\1$e11-dec-2015$fGBP22.50$g0$hP$5Uk
=ACF  \\$aPrevious copyright fee: GBP23.40$c5\1$e01-jan-2018$fGBP23.40$g0$hP$5Uk
=ACF  \\$aPrevious copyright fee: GBP32.84$c5\1$e01-jul-2019$fGBP32.84$g0$hP$5Uk
=CAT  \\$a7174$b40$c20050310$lBLL01$h1427
=CAT  \\$a8439$b40$c20151229$lBLL01$h1112
=CAT  \\$a8439$b40$c20151229$lBLL01$h1113
=CAT  \\$aBATCH-UPD$b40$c20160530$lBLL01$h0001
=CAT  \\$aBATCH-UPD$b40$c20161127$lBLL01$h1249
=CAT  \\$aBATCH-UPD$b40$c20171121$lBLL01$h1744
=CAT  \\$aW1711-1005$c20171206$lBLL01$h1817
=CAT  \\$aIPL-CLA$c20171231$lBLL01$h1640
=CAT  \\$a10806$b40$c20180124$lBLL01$h1120
=CAT  \\$a10806$b40$c20180130$lBLL01$h1200
=CAT  \\$aW1805-0471$c20180520$lBLL01$h1139
=CAT  \\$aBATCH-UPD$b00$c20190521$lBLL01$h1436
=CAT  \\$aIPL-CLA$c20190630$lBLL01$h1534
=CAT  \\$aBATCH-UPD$b00$c20211119$lBLL01$h1554
=CAT  \\$aIPL-CLA$c20211231$lBLL01$h1542
=CAT  \\$a11450$b40$c20230118$lBLL01$h0906
=CAT  \\$a10806$b40$c20230307$lBLL01$h0818
=CAT  \\$a5410$b40$c20230310$lBLL01$h1740
=CAT  \\$a10806$b40$c20230313$lBLL01$h0733
=CAT  \\$aS2302-1302$c20230323$lBLL01$h1444
=CAT  \\$aIPL-CLA$c20230331$lBLL01$h1546
=CAT  \\$aBATCH-UNOA$c20230405$lBLL01$h0020
=CAT  \\$aS2304-0519$c20230412$lBLL01$h1139
=CAT  \\$a14586$b40$c20230421$lBLL01$h1346
=CAT  \\$aBATCH-SUPP$c20230426$lBLL01$h1108
=CAT  \\$a12654$b40$c20230707$lBLL01$h1011
=CFI  0\$aCurrent Copyright Fee: GBP32.00$c29\0$e01-apr-2023$fGBP32.00$g0$hP$5Uk
=CFI  2\$aPrevious copyright fee: GBP34.30$c5\1$e01-jan-2022$fGBP34.30$g0$hP$5Uk
=EST  \\$a1
=FFP  \\$aY$bBLDSS-3PM
=FIN  \\$aY$d20120502
=FMT  \\$a  SE
=LAS  \\$a12654$b40$c20230707$lBLL01$h1011
=MNI  \\$a1743-6095
=SRC  \\$aBLL02
=TCO  \\$aTRS$bCCC$c008
=TOC  \\$aETOC
=UNO  \\$aY

