=LDR  04441cas a2200997 i 4500
=001  017014794
=003  Uk
=005  20230426111109.0
=006  m\\\\\|\\d\|\\\\\\
=007  cr\|||||||||||
=008  150116c19089999enkbr\p\o\\\\\0\\\a0eng\\
=022  \\$a1938-2901$202
=037  \\$aaesa$bOxford University Press
=037  3\$aISSN_0013874X_4$bPortico$nOxford University Press
=040  \\$aUk$beng$cUk$dUk$erda
=042  \\$aukblsr$aissnuk
=082  04$a595.7$223
=222  \0$aAnnals of the Entomological Society of America$b(Online)
=245  00$aAnnals of the Entomological Society of America.
=260  \\$aCollege Park, Md. :$bEntomological Society of America,$c1908-
=264  31$aOxford :$bOxford University Press
=310  \\$aBimonthly,$b<Nov. 1974->
=321  \\$aQuarterly,$bMar. 1908-
=336  \\$atext$2rdacontent
=337  \\$acomputer$2rdamedia
=338  \\$aonline resource$2rdacarrier
=362  1\$aPrint began in 1908.
=540  \\$aCurrent Copyright Fee: GBP33.00$c29\0$5Uk
=588  \\$aDescription based on print version record.
=588  \\$aLatest issue consulted: volume 108, issue 2 (March 2015) (Oxford Journals viewed March 11, 2015).
=650  \0$aEntomology$vPeriodicals.
=776  08$iAlso issued in print as:$tAnnals of the Entomological Society of America$x0013-8746
=852  41$aBritish Library$bSTI$jELD Digital store$3Volume 24:Number 4(1931)-***Previous issues available in print copy
=852  \\$aBritish Library$bDSC$j1025.000000$3Volume 89:Issue 1(1996)-Volume 112:Issue 6(2019)***See ESTAR for full holdings.
=856  \\$31850-9999$uhttp://www.oxfordjournals.org$xBLDSS
=856  40$uhttp://aesa.oxfordjournals.org/content
=859  \\$aELD$bejournal
=859  \\$aXLD$bejournal$cSFX
=945  \\$aAnnals of the Entomological Society of America.
=959  \\$fHeld but not currently received
=979  \\$aBritish Library$bDSC$j1025.000000
=985  \\$aISSN responsibility transferred to ISSN UK from US ISSN Center, April 2 2015.
=ACF  \\$aPrevious copyright fee: GBP23.00$c29\0$e09-feb-2015$fGBP23.00$g0$hP$5Uk
=ACF  \\$aPrevious copyright fee: GBP24.00$c29\0$e01-jan-2016$fGBP24.00$g0$hP$5Uk
=ACF  \\$aPrevious copyright fee: GBP26.00$c29\0$e01-jan-2017$fGBP26.00$g0$hP$5Uk
=ACF  \\$aPrevious copyright fee: GBP27.00$c29\0$e01-jan-2018$fGBP27.00$g0$hP$5Uk
=ACF  \\$aPrevious copyright fee: GBP28.00$c29\0$e01-jan-2019$fGBP28.00$g0$hP$5Uk
=ACF  \\$aPrevious Copyright Fee: GBP20.00$c29\0$e01-jan-2020$fGBP20.00$g0$hP$5Uk
=CAT  \\$a8411$b40$c20150116$lBLL01$h1211
=CAT  \\$aBATCH-UPD$b00$c20151119$lBLL01$h1552
=CAT  \\$aIPL-CLA$c20151231$lBLL01$h1936
=CAT  \\$aBATCH-UPD$b00$c20160518$lBLL01$h0839
=CAT  \\$aBATCH-UPD$b00$c20160524$lBLL01$h2216
=CAT  \\$aBATCH-UPD$b00$c20161122$lBLL01$h1522
=CAT  \\$aIPL-CLA$c20161231$lBLL01$h0021
=CAT  \\$aBATCH-UPD$b00$c20171121$lBLL01$h1705
=CAT  \\$aW1711-1005$c20171206$lBLL01$h1828
=CAT  \\$aIPL-CLA$c20171231$lBLL01$h1827
=CAT  \\$aBATCH-UPD$b00$c20181217$lBLL01$h1653
=CAT  \\$aIPL-CLA$c20181231$lBLL01$h1554
=CAT  \\$aW1910-0530$c20191007$lBLL01$h1114
=CAT  \\$aR1911-1518$c20191206$lBLL01$h1419
=CAT  \\$aIPL-CLA$c20191231$lBLL01$h2040
=CAT  \\$a12654$b40$c20210426$lBLL01$h0800
=CAT  \\$a5410$b40$c20210812$lBLL01$h1104
=CAT  \\$aBATCH-UPD$b40$c20220308$lBLL01$h1736
=CAT  \\$aIPL-CLA$c20220331$lBLL01$h1953
=CAT  \\$a12654$b40$c20230109$lBLL01$h1250
=CAT  \\$aS2302-1302$c20230322$lBLL01$h1707
=CAT  \\$aS2302-1302$c20230322$lBLL01$h1708
=CAT  \\$aS2302-1302$c20230323$lBLL01$h1443
=CAT  \\$aIPL-CLA$c20230331$lBLL01$h1547
=CAT  \\$aS2304-0519$c20230412$lBLL01$h1141
=CAT  \\$aBATCH-SUPP$c20230426$lBLL01$h1111
=CFI  0\$aCurrent Copyright Fee: GBP33.00$c29\0$e01-apr-2023$fGBP33.00$g0$hP$5Uk
=CFI  2\$aPrevious copyright fee: GBP22.00$c29\0$e01-apr-2022$fGBP22.00$g0$hP$5Uk
=EST  \\$a1
=FFP  \\$aY$bBLDSS-3PM
=FIN  \\$aY$d20150311
=FMT  \\$a  SE
=LAS  \\$aBATCH-SUPP$b00$c20230426$lBLL01$h1111
=LET  \0$aAnnals of the Entomological Society of America (Online)
=LKR  \\$aPAR$b009833764$lBLL01$nAnnals of the Entomological Society of America (Print)$mAnnals of the Entomological Society of America (Online)$r776
=MNI  \\$a0013-8746
=TOC  \\$aETOC
=UNO  \\$aY

