=LDR  05671cas a2201213 i 4500
=001  013783357
=003  Uk
=005  20230426110911.0
=006  m\\\\\\\\d\\\\\\\\
=007  cr\|||||||||||
=008  070703c19189999enkar\\\o\\\\\1\\\a0eng\\
=015  \\$aGBB695009$2bnb
=022  0\$a1467-8349$y0309-7013$202
=037  \\$aISSN_03097013$bPortico$nWiley
=037  2\$aaristoteliansupp$bOxford University Press
=037  3\$aISSN_03097013_4$bPortico$nOxford University Press
=040  \\$aUk$beng$cUk$dUk$erda
=042  \\$aukblsr$aissnuk
=082  04$a100$223
=210  0\$aSuppl. proc. Aristot. Soc.$b(Online)
=222  \0$aSupplement to the proceedings of the Aristotelian Society$b(Online)
=245  00$aSupplement to the proceedings of the Aristotelian Society.
=246  1\$iSome providers give the title as:$aAristotelian Society supplementary volume
=246  13$aProceedings of the Aristotelian Society.$pSupplementary volumes
=246  17$aProceedings of the Aristotelian Society supplementary volume,$f2007-
=264  \1$a[Oxford] :$b[Blackwell Publishers]
=264  21$a[Oxford] :$bWiley-Blackwell
=264  31$32016-$aOxford :$bOxford University Press
=300  \\$billustrations (black and white)
=310  \\$aAnnual
=336  \\$atext$2rdacontent
=337  \\$acomputer$2rdamedia
=338  \\$aonline resource$2rdacarrier
=362  1\$aPrint began in 1918.
=540  \\$aCurrent Copyright Fee: GBP32.00$c29\0$5Uk
=588  \\$aDescription based on: volume 72, number 1 (June 1998); title from table of contents page (IngentaConnect, viewed June 5, 2013).
=588  \\$aLatest issue consulted: volume 90, issue 1 (1 June 2016) (Oxford Journals, viewed July 7, 2016).
=610  20$aAristotelian Society (Great Britain)$vPeriodicals.
=650  \0$aPhilosophy$vPeriodicals.
=650  \0$aPhilosophy$vCongresses.
=710  2\$aAristotelian Society (Great Britain),$eissuing body.
=772  0\$tProceedings of the Aristotelian Society for the Systematic Study of Philosophy$x1467-9264
=776  08$iAlso issued in print as:$tSupplementary volume (Aristotelian Society (Great Britain))$x0309-7013
=852  41$aBritish Library$bHMNTS$jELD Digital store$3Volume 13:Issue 1(1934)-
=852  41$aBritish Library$bDSC$j8547.400000$3Volume 80(2006)-Volume 88(2014)***See ESTAR for full holdings.
=856  \\$31850-9999$uhttp://onlinelibrary.wiley.com/$xBLDSS
=856  40$ahttp://onlinelibrary.wiley.com/journal/10.1111/(ISSN)1467-8349
=856  40$ahttp://www.blackwellpublishers.co.uk/journals/SUPA
=856  40$ahttp://www.ingentaconnect.com/content/bpl/supa;jsessionid=64u043qviic9h.alexandra
=856  40$uhttp://aristoteliansupp.oxfordjournals.org/
=859  \\$aXLD$bejournal$cSFX
=859  \\$aELD$bejournal
=945  \\$aSupplementary volume- Aristotelian Society
=959  \\$fHeld but not currently received
=979  \\$aBritish Library$bDSC$j8547.400000
=ACF  \\$aPrevious Copyright Fee: GBP16.00$c10\0$e03-jul-2007$fGBP16.00$g0$hP$5Uk
=ACF  \\$aPrevious copyright fee: GBP17.00$c10\0$e01-jan-2009$fGBP17.00$g0$hP$5Uk
=ACF  \\$aPrevious copyright fee: GBP24.00$c10\0$e01-mar-2015$fGBP24.00$g0$hP$5Uk
=ACF  \\$aPrevious copyright fee: GBP22.00$c10\0$e01-jan-2011$fGBP22.00$g0$hP$5Uk
=ACF  \\$aPrevious copyright fee: GBP24.00$c29\0$e24-feb-2016$fGBP24.00$g0$hP$5Uk
=ACF  \\$aPrevious copyright fee: GBP26.00$c29\0$e01-jan-2017$fGBP26.00$g0$hP$5Uk
=ACF  \\$aPrevious copyright fee: GBP27.00$c29\0$e01-jan-2018$fGBP27.00$g0$hP$5Uk
=ACF  \\$aPrevious copyright fee: GBP28.00$c29\0$e01-jan-2019$fGBP28.00$g0$hP$5Uk
=ACF  \\$aPrevious Copyright Fee: GBP20.00$c29\0$e01-jan-2020$fGBP20.00$g0$hP$5Uk
=CAT  \\$a7174$b40$c20070703$lBLL01$h1458
=CAT  \\$a5552$b40$c20160224$lBLL01$h0900
=CAT  \\$a14448$b40$c20160224$lBLL01$h1219
=CAT  \\$a10983$b40$c20160513$lBLL01$h1518
=CAT  \\$a10806$b40$c20160707$lBLL01$h0959
=CAT  \\$aBATCH-UPD$b40$c20161122$lBLL01$h1521
=CAT  \\$aIPL-CLA$c20161230$lBLL01$h2218
=CAT  \\$aBATCH-UPD$b00$c20171121$lBLL01$h1704
=CAT  \\$aW1711-1005$c20171206$lBLL01$h1820
=CAT  \\$aIPL-CLA$c20171231$lBLL01$h1707
=CAT  \\$aBATCH-UPD$b00$c20181217$lBLL01$h1652
=CAT  \\$aIPL-CLA$c20181231$lBLL01$h1545
=CAT  \\$a15005$b40$c20191014$lBLL01$h1122
=CAT  \\$aR1911-1518$c20191206$lBLL01$h1419
=CAT  \\$aIPL-CLA$c20191231$lBLL01$h1946
=CAT  \\$a5410$b40$c20200211$lBLL01$h0842
=CAT  \\$aBATCH-UPD$b40$c20220308$lBLL01$h1735
=CAT  \\$aIPL-CLA$c20220331$lBLL01$h1952
=CAT  \\$a5410$b40$c20221025$lBLL01$h0921
=CAT  \\$a12654$b40$c20230109$lBLL01$h1123
=CAT  \\$aS2302-1302$c20230322$lBLL01$h1707
=CAT  \\$aS2302-1302$c20230322$lBLL01$h1708
=CAT  \\$aS2302-1302$c20230323$lBLL01$h1443
=CAT  \\$aIPL-CLA$c20230331$lBLL01$h1547
=CAT  \\$aS2304-0519$c20230412$lBLL01$h1139
=CAT  \\$aBATCH-SUPP$c20230426$lBLL01$h1109
=CFI  0\$aCurrent Copyright Fee: GBP32.00$c29\0$e01-apr-2023$fGBP32.00$g0$hP$5Uk
=CFI  2\$aPrevious copyright fee: GBP22.00$c29\0$e01-apr-2022$fGBP22.00$g0$hP$5Uk
=EST  \\$a1
=FFP  \\$aY$bBLDSS-3PM
=FIN  \\$aY$d20130605
=FMT  \\$a  SE
=LAS  \\$aBATCH-SUPP$b00$c20230426$lBLL01$h1109
=LEO  \\$aMP22.0000062086
=LKR  \\$aPAR$b012434804$lBLL01$nProceedings of the Aristotelian Society for the Systematic Study of Philosophy$mSupplementary volume (Aristotelian Society (Great Britain)$r772
=MNI  \\$a0309-7013
=SRC  \\$aISN01$bbibmp22.200404.2.aa
=TCO  \\$aCLA$bCLA$c008
=TOC  \\$aETOC
=UNO  \\$aY

