=LDR  05195cas a2201165 a 4500
=001  014678925
=003  Uk
=005  20230426110945.0
=006  m\\\\\\\\d\\\\\\\\
=007  cr\mn|||||||||
=008  050218c20039999enkqr\p\o\\\\\0\\\a0eng\d
=015  \\$aGBA8B0581$2bnb
=022  0\$a1612-7501$y1610-241X$202
=035  \\$a(OCoLC)57687122
=037  \\$acesifo$bOxford University Press
=037  3\$aISSN_1610241X$bPortico$nOxford University Press
=040  \\$aXFF$cXFF$dOCLCQ$dMUQ$dUk
=042  \\$aukblsr$aissnuk
=082  04$a330.5$222
=130  0\$aCESifo economic studies (Online)
=210  0\$aCESifo econ. stud.$b(Internet)
=222  \0$aCESifo economic studies$b(Internet)
=245  10$aCESifo economic studies$h[electronic resource].
=246  30$aEconomic studies
=246  3\$aCES Ifo economic studies
=246  3\$aCenter for Economic Studies / Institute for Economic Research economic studies
=260  \\$aMunich :$bIfo Institute for Economic Research
=260  3\$32006-$aOxford :$bOxford University Press
=310  \\$aQuarterly
=336  \\$atext$2rdacontent
=337  \\$acomputer$2rdamedia
=338  \\$aonline resource$2rdacarrier
=362  0\$aVol. 49, no. 1 (spring 2003)-
=500  \\$aTitle from title screen (E-Journal Collection, viewed Feb. 11, 2004).
=540  \\$aCurrent Copyright Fee: GBP42.00$c29\0$5Uk
=550  \\$aJoint initiative of the University of Munich's Center for Economic Studies and the Ifo Institute for Economic Research.
=580  \\$aOriginal print version of this title was preceded by an earlier title: Ifo-Studien.
=588  \\$aLatest issue consulted: volume 59, number 4 (December 2013) (Oxford Journals, viewed January 29, 2014).
=650  \0$aEconomics$vPeriodicals.
=690  7\$aManagement and Business Studies$2blcoll
=710  2\$aCESifo.
=710  2\$aIfo-Institut fur Wirtschaftsforschung.
=776  08$iAlso issued in print as:$tCESifo economic studies$x1610-241X
=852  41$aBritish Library$bDSC$j3120.258100$3Volume 53:Issue 3(2007)-Volume 57:Issue 4(2011)***See ESTAR for full holdings.
=852  41$aBritish Library$bHMNTS$jELD Digital store$3Volume 60:Number 1(2014:Mar.)-***Previous issues available in print copy
=856  \\$31850-9999$uhttp://ukcatalogue.oup.com/$xBLDSS
=856  4\$uhttp://www.cesifo.de/servlet/page?%5Fpageid=56&%5Fdad=portal30&%5Fschema=PORTAL30&pa%5Fid=146964$zNo longer valid
=856  40$uhttp://cesifo.oxfordjournals.org
=859  \\$aXLD$bejournal$cSFX
=859  \\$aELD$bejournal
=945  \\$aCESifo economic studies
=959  \\$fHeld but not currently received
=979  \\$aBritish Library$bDSC$j3120.258100
=985  \\$aISSN responsibility transferred from ISSN Germany to ISSN UK, 16/06/14
=ACF  \\$aPrevious copyright fee: GBP18.00$c29\0$e29-jul-2008$fGBP18.00$g0$hP$5Uk
=ACF  \\$aPrevious copyright fee: GBP20.00$c29\0$e01-jan-2013$fGBP20.00$g0$hP$5Uk
=ACF  \\$aPrevious copyright fee: GBP23.00$c29\0$e01-jan-2015$fGBP23.00$g0$hP$5Uk
=ACF  \\$aPrevious copyright fee: GBP24.00$c29\0$e01-jan-2016$fGBP24.00$g0$hP$5Uk
=ACF  \\$aPrevious copyright fee: GBP26.00$c29\0$e01-jan-2017$fGBP26.00$g0$hP$5Uk
=ACF  \\$aPrevious copyright fee: GBP27.00$c29\0$e01-jan-2018$fGBP27.00$g0$hP$5Uk
=ACF  \\$aPrevious copyright fee: GBP28.00$c29\0$e01-jan-2019$fGBP28.00$g0$hP$5Uk
=ACF  \\$aPrevious Copyright Fee: GBP29.00$c29\0$e01-jan-2020$fGBP29.00$g0$hP$5Uk
=CAT  \\$a8464$b40$c20080729$lBLL01$h0751
=CAT  \\$aBLDSS-3PM$b00$c20141208$lBLL01$h1626
=CAT  \\$aIPL-CLA$c20141231$lBLL01$h1658
=CAT  \\$aBATCH-UPD$b00$c20151119$lBLL01$h1552
=CAT  \\$aIPL-CLA$c20151231$lBLL01$h1929
=CAT  \\$aBATCH-UPD$b00$c20160524$lBLL01$h2212
=CAT  \\$aBATCH-UPD$b00$c20160525$lBLL01$h0036
=CAT  \\$aBATCH-UPD$b00$c20161122$lBLL01$h1521
=CAT  \\$aIPL-CLA$c20161230$lBLL01$h2309
=CAT  \\$aBATCH-UPD$b00$c20171121$lBLL01$h1704
=CAT  \\$aW1711-1005$c20171206$lBLL01$h1821
=CAT  \\$aIPL-CLA$c20171231$lBLL01$h1735
=CAT  \\$aBATCH-UPD$b00$c20181217$lBLL01$h1652
=CAT  \\$aIPL-CLA$c20181231$lBLL01$h1548
=CAT  \\$aW1910-0530$c20191007$lBLL01$h1114
=CAT  \\$aR1911-1518$c20191206$lBLL01$h1405
=CAT  \\$aIPL-CLA$c20191231$lBLL01$h2006
=CAT  \\$aBATCH-UPD$b00$c20220308$lBLL01$h1728
=CAT  \\$aIPL-CLA$c20220331$lBLL01$h1952
=CAT  \\$a12654$b40$c20230123$lBLL01$h1401
=CAT  \\$aS2302-1302$c20230322$lBLL01$h1707
=CAT  \\$aS2302-1302$c20230322$lBLL01$h1708
=CAT  \\$aS2302-1302$c20230323$lBLL01$h1443
=CAT  \\$aIPL-CLA$c20230331$lBLL01$h1547
=CAT  \\$aS2304-0519$c20230412$lBLL01$h1140
=CAT  \\$aBATCH-SUPP$c20230426$lBLL01$h1109
=CFI  0\$aCurrent Copyright Fee: GBP42.00$c29\0$e01-apr-2023$fGBP42.00$g0$hP$5Uk
=CFI  2\$aPrevious copyright fee: GBP32.00$c29\0$e01-apr-2022$fGBP32.00$g0$hP$5Uk
=EST  \\$a1
=FFP  \\$aY$bBLDSS-3PM
=FIN  \\$aY$d20080917
=FMT  \\$a  SE
=LAS  \\$aBATCH-SUPP$b00$c20230426$lBLL01$h1109
=MNI  \\$a1610-241X
=SID  \\$aZ39$bOCLC
=TCO  \\$aCLA$bCLA$c008
=TOC  \\$aETOC
=UNO  \\$aY

